@inproceedings{ott2023think,
	title        = {How to Think About Benchmarking Neurosymbolic AI?},
	author       = {Ott, Johanna and Ledaguenel, Arthur and Hudelot, C{\'e}line and Hartwig, Mattis},
	year         = {2023},
	booktitle    = {17th International Workshop on Neural-Symbolic Learning and Reasoning}
}

@article{kaur2022trustworthy,
	title        = {Trustworthy artificial intelligence: a review},
	author       = {Kaur, Davinder and Uslu, Suleyman and Rittichier, Kaley J and Durresi, Arjan},
	year         = {2022},
	journal      = {ACM Computing Surveys (CSUR)},
	publisher    = {ACM New York, NY},
	volume       = {55},
	number       = {2},
	pages        = {1--38}
}

@inproceedings{DBLP:conf/icml/MarconatoBFCPT23,
	title        = {Neuro-Symbolic Continual Learning: Knowledge, Reasoning Shortcuts and Concept Rehearsal},
	author       = {Emanuele Marconato and Gianpaolo Bontempo and Elisa Ficarra and Simone Calderara and Andrea Passerini and Stefano Teso},
	year         = {2023},
	journal      = {arXiv preprint arXiv:2302.01242},
	booktitle    = {Proc. of the International Conference on Machine Learning, {ICML}},
	publisher    = {{PMLR}},
	series       = {Proceedings of Machine Learning Research},
	volume       = {202},
	pages        = {23915--23936},
	url          = {https://proceedings.mlr.press/v202/marconato23a.html},
	editor       = {Andreas Krause and Emma Brunskill and Kyunghyun Cho and Barbara Engelhardt and Sivan Sabato and Jonathan Scarlett},
	timestamp    = {Mon, 28 Aug 2023 17:23:08 +0200},
	biburl       = {https://dblp.org/rec/conf/icml/MarconatoBFCPT23.bib},
	bibsource    = {dblp computer science bibliography, https://dblp.org}
}

@incollection{liu2023weakly,
	title={Weakly Supervised Reasoning by Neuro-Symbolic Approaches},
	author={Liu, Xianggen and Lu, Zhengdong and Mou, Lili},
	booktitle={Compendium of Neurosymbolic Artificial Intelligence},
	pages={665--692},
	year={2023},
	publisher={IOS Press}
}

@inproceedings{yin2022visual,
	title        = {Visual Perception Inference on Raven’s Progressive Matrices by Semi-supervised Contrastive Learning},
	author       = {Yin, Aihua and Lu, Weiwen and Wang, Sidong and You, Hongzhi and Zhang, Ruyuan and Wang, Dahui and Zhen, Zonglei and Wan, Xiaohong},
	year         = {2022},
	booktitle    = {CAAI International Conference on Artificial Intelligence},
	pages        = {399--412},
	organization = {Springer}
}

@incollection{mccloskey1989catastrophic,
	title={Catastrophic interference in connectionist networks: The sequential learning problem},
	author={McCloskey, Michael and Cohen, Neal J},
	booktitle={Psychology of learning and motivation},
	volume={24},
	pages={109--165},
	year={1989},
	publisher={Elsevier}
}


@Article{	  aamodt1994case,
  title		= {Case-based reasoning: Foundational issues, methodological
		  variations, and system approaches},
  author	= {Aamodt, Agnar and Plaza, Enric},
  year		= {1994},
  journal	= {AI communications},
  publisher	= {IOS press},
  volume	= {7},
  number	= {1},
  pages		= {39--59}
}

@Article{	  agrawal2019differentiable,
  title		= {Differentiable convex optimization layers},
  author	= {Agrawal, Akshay and Amos, Brandon and Barratt, Shane and
		  Boyd, Stephen and Diamond, Steven and Kolter, J Zico},
  year		= {2019},
  journal	= {Advances in neural information processing systems},
  volume	= {32}
}

@InProceedings{	  aljundi2019task,
  title		= {Task-Free Continual Learning},
  author	= {Aljundi, Rahaf and Kelchtermans, Klaas and Tuytelaars,
		  Tinne},
  booktitle	= {2019 IEEE/CVF Conference on Computer Vision and Pattern
		  Recognition (CVPR)},
  pages		= {11246--11255},
  year		= {2019},
  organization	= {IEEE}
}

@Article{	  aljundi2019gradient,
  title		= {Gradient based sample selection for online continual
		  learning},
  author	= {Aljundi, Rahaf and Lin, Min and Goujaud, Baptiste and
		  Bengio, Yoshua},
  year		= {2019},
  journal	= {Advances in neural information processing systems},
  volume	= {32}
}

@Article{	  alpern1985defining,
  title		= {Defining liveness},
  author	= {Alpern, Bowen and Schneider, Fred B},
  year		= {1985},
  journal	= {Information processing letters},
  publisher	= {Elsevier},
  volume	= {21},
  number	= {4},
  pages		= {181--185}
}

@InProceedings{	  alshiekh2018safe,
  title		= {Safe reinforcement learning via shielding},
  author	= {Alshiekh, Mohammed and Bloem, Roderick and Ehlers,
		  R{\"u}diger and K{\"o}nighofer, Bettina and Niekum, Scott
		  and Topcu, Ufuk},
  year		= {2018},
  booktitle	= {Proceedings of the AAAI conference on artificial
		  intelligence},
  volume	= {32},
  number	= {1}
}

@Article{	  angluin1982inference,
  title		= {Inference of reversible languages},
  author	= {Angluin, Dana},
  year		= {1982},
  journal	= {Journal of the ACM (JACM)},
  publisher	= {ACM New York, NY, USA},
  volume	= {29},
  number	= {3},
  pages		= {741--765}
}

@InProceedings{	  arabshahi2021conversational,
  title		= {Conversational neuro-symbolic commonsense reasoning},
  author	= {Arabshahi, Forough and Lee, Jennifer and Gawarecki,
		  Mikayla and Mazaitis, Kathryn and Azaria, Amos and
		  Mitchell, Tom},
  year		= {2021},
  booktitle	= {Proceedings of the AAAI Conference on Artificial
		  Intelligence},
  volume	= {35},
  number	= {6},
  pages		= {4902--4911}
}

@InProceedings{	  asai2018classical,
  title		= {Classical planning in deep latent space: Bridging the
		  sub-symbolic-symbolic boundary},
  author	= {Asai, Masataro and Fukunaga, Alex},
  year		= {2018},
  booktitle	= {Proceedings of the aaai conference on artificial
		  intelligence},
  volume	= {32},
  number	= {1}
}

@Article{	  badreddine2022logic,
  title		= {Logic tensor networks},
  author	= {Badreddine, Samy and Garcez, Artur d'Avila and Serafini,
		  Luciano and Spranger, Michael},
  year		= {2022},
  journal	= {Artificial Intelligence},
  publisher	= {Elsevier},
  volume	= {303},
  pages		= {103649}
}

@InProceedings{	  bagatella2024directed,
  title		= {Directed Exploration in Reinforcement Learning from Linear
		  Temporal Logic},
  author	= {Bagatella, Marco and Krause, Andreas and Martius, Georg},
  booktitle	= {Seventeenth European Workshop on Reinforcement Learning},
  year		= {2024}
}

@InProceedings{	  bang2021rainbow,
  title		= {Rainbow memory: Continual learning with a memory of
		  diverse samples},
  author	= {Bang, Jihwan and Kim, Heesu and Yoo, YoungJoon and Ha,
		  Jung-Woo and Choi, Jonghyun},
  year		= {2021},
  booktitle	= {Proceedings of the IEEE/CVF conference on computer vision
		  and pattern recognition},
  pages		= {8218--8227}
}

@Article{	  barbiero2023relational,
  title		= {Relational Concept Based Models},
  author	= {Barbiero, Pietro and Giannini, Francesco and Ciravegna,
		  Gabriele and Diligenti, Michelangelo and Marra, Giuseppe},
  journal	= {CoRR},
  year		= {2023}
}

@InProceedings{	  barrett2018measuring,
  title		= {Measuring abstract reasoning in neural networks},
  author	= {Barrett, David and Hill, Felix and Santoro, Adam and
		  Morcos, Ari and Lillicrap, Timothy},
  year		= {2018},
  booktitle	= {International conference on machine learning},
  pages		= {511--520},
  organization	= {PMLR}
}

@InProceedings{	  benny2021scale,
  title		= {Scale-localized abstract reasoning},
  author	= {Benny, Yaniv and Pekar, Niv and Wolf, Lior},
  year		= {2021},
  booktitle	= {Proceedings of the IEEE/CVF Conference on Computer Vision
		  and Pattern Recognition},
  pages		= {12557--12565}
}

@Article{	  bergeron2024temporal,
  title		= {Temporal Logic Planning via Zero-Shot Policy Composition},
  author	= {Bergeron, Taylor and Serlin, Zachary and Leahy, Kevin},
  journal	= {CoRR},
  year		= {2024}
}

@InCollection{	  besold2021neural,
  title		= {Neural-symbolic learning and reasoning: A survey and
		  interpretation},
  author	= {Besold, Tarek R and d’Avila Garcez, Artur and Bader,
		  Sebastian and Bowman, Howard and Domingos, Pedro and
		  Hitzler, Pascal and K{\"u}hnberger, Kai-Uwe and Lamb, Luis
		  C and Lima, Priscila Machado Vieira and de Penning, Leo and
		  others},
  year		= {2021},
  booktitle	= {Neuro-Symbolic Artificial Intelligence: The State of the
		  Art},
  publisher	= {IOS press},
  pages		= {1--51}
}

@Article{	  bien2011prototype,
  title		= {Prototype selection for interpretable classification},
  author	= {Bien, Jacob and Tibshirani, Robert},
  year		= {2011}
}

@Article{	  bongard1970pattern,
  title		= {Pattern recognition(Book on automatic recognition of
		  visual patterns and mechanization of creativity, presenting
		  computer program termed Arithmetic)},
  author	= {Bongard, M},
  year		= {1970},
  publisher	= {Spartan Books},
  address	= {New York}
}

@InProceedings{	  busch2024truth,
  title		= {Where is the Truth? The Risk of Getting Confounded in a
		  Continual World},
  author	= {Busch, Florian Peter and Kamath, Roshni Ramanna and
		  Mitchell, Rupert and Stammer, Wolfgang and Kersting,
		  Kristian and Mundt, Martin},
  booktitle	= {Forty-second International Conference on Machine
		  Learning},
  year		= {2024}
}

@InProceedings{	  camacho2017non,
  title		= {Non-markovian rewards expressed in LTL: guiding search via
		  reward shaping},
  author	= {Camacho, Alberto and Chen, Oscar and Sanner, Scott and
		  McIlraith, Sheila},
  year		= {2017},
  booktitle	= {Proceedings of the International Symposium on
		  Combinatorial Search},
  volume	= {8},
  number	= {1},
  pages		= {159--160}
}

@InProceedings{	  camacho2019learning,
  title		= {Learning interpretable models expressed in linear temporal
		  logic},
  author	= {Camacho, Alberto and McIlraith, Sheila A},
  year		= {2019},
  booktitle	= {Proceedings of the International Conference on Automated
		  Planning and Scheduling},
  volume	= {29},
  pages		= {621--630}
}

@InProceedings{	  camacho2019ltl,
  title		= {LTL and Beyond: Formal Languages for Reward Function
		  Specification in Reinforcement Learning.},
  author	= {Camacho, Alberto and Icarte, Rodrigo Toro and Klassen,
		  Toryn Q and Valenzano, Richard Anthony and McIlraith,
		  Sheila A},
  year		= {2019},
  booktitle	= {IJCAI},
  volume	= {19},
  pages		= {6065--6073}
}

@Article{	  carnevali2012quantitative,
  title		= {A quantitative approach to input generation in real-time
		  testing of stochastic systems},
  author	= {Carnevali, Laura and Ridi, Lorenzo and Vicario, Enrico},
  year		= {2013},
  journal	= {IEEE Transactions on Software Engineering},
  publisher	= {IEEE},
  volume	= {39},
  number	= {3},
  pages		= {292--304}
}

@Article{	  carnevali2025faultflow,
  title		= {{FaultFlow: an MDE Library for Dependability Evaluation of
		  Component-Based Systems}},
  author	= {Carnevali, Laura and Cerboni, Stefania and Montecchi,
		  Leonardo and Vicario, Enrico},
  year		= {2025},
  journal	= {IEEE Transactions on Dependable and Secure Computing},
  publisher	= {IEEE},
  volume	= {22},
  number	= {4},
  pages		= {3431--3448}
}

@Article{	  carpenter1990one,
  title		= {What one intelligence test measures: a theoretical account
		  of the processing in the Raven Progressive Matrices Test.},
  author	= {Carpenter, Patricia A and Just, Marcel A and Shell,
		  Peter},
  year		= {1990},
  journal	= {Psychological review},
  publisher	= {American Psychological Association},
  volume	= {97},
  number	= {3},
  pages		= {404}
}

@InProceedings{	  casoni2024pitfalls,
  title		= {Pitfalls in Processing Infinite-Length Sequences with
		  Popular Approaches for Sequential Data},
  author	= {Casoni, Michele and Guidi, Tommaso and Tiezzi, Matteo and
		  Betti, Alessandro and Gori, Marco and Melacci, Stefano},
  year		= {2024},
  booktitle	= {IAPR Workshop on Artificial Neural Networks in Pattern
		  Recognition},
  pages		= {37--48},
  organization	= {Springer}
}

@Article{	  chakraborty2022device,
  title		= {Device Classification for Industrial Control Systems Using
		  Predicted Traffic Features},
  author	= {Chakraborty, Indrasis and Kelley, Brian M and Gallagher,
		  Brian},
  year		= {2022},
  journal	= {Frontiers in Computer Science},
  publisher	= {Frontiers Media SA},
  volume	= {4},
  pages		= {777089}
}

@Article{	  chavira2008probabilistic,
  title		= {On probabilistic inference by weighted model counting},
  author	= {Chavira, Mark and Darwiche, Adnan},
  year		= {2008},
  journal	= {Artificial Intelligence},
  publisher	= {Elsevier},
  volume	= {172},
  number	= {6-7},
  pages		= {772--799}
}

@Article{	  chen2019looks,
  title		= {This looks like that: deep learning for interpretable
		  image recognition},
  author	= {Chen, Chaofan and Li, Oscar and Tao, Daniel and Barnett,
		  Alina and Rudin, Cynthia and Su, Jonathan K},
  year		= {2019},
  journal	= {Advances in neural information processing systems},
  volume	= {32}
}

@Article{	  chen2020concept,
  title		= {Concept whitening for interpretable image recognition},
  author	= {Chen, Zhi and Bei, Yijie and Rudin, Cynthia},
  year		= {2020},
  journal	= {Nature Machine Intelligence},
  publisher	= {Nature Publishing Group UK London},
  volume	= {2},
  number	= {12},
  pages		= {772--782}
}

@InProceedings{	  chen2021web,
  title		= {Web question answering with neurosymbolic program
		  synthesis},
  author	= {Chen, Qiaochu and Lamoreaux, Aaron and Wang, Xinyu and
		  Durrett, Greg and Bastani, Osbert and Dillig, Isil},
  year		= {2021},
  booktitle	= {Proceedings of the 42nd ACM SIGPLAN International
		  Conference on Programming Language Design and
		  Implementation},
  pages		= {328--343}
}

@InProceedings{	  choi2024towards,
  title		= {Towards neuro-symbolic video understanding},
  author	= {Choi, Minkyu and Goel, Harsh and Omama, Mohammad and Yang,
		  Yunhao and Shah, Sahil and Chinchali, Sandeep},
  year		= {2024},
  booktitle	= {European Conference on Computer Vision},
  pages		= {220--236},
  organization	= {Springer}
}

@Article{	  chollet2019measure,
  title		= {On the measure of intelligence},
  author	= {Chollet, Fran{\c{c}}ois},
  year		= {2019},
  journal	= {arXiv preprint arXiv:1911.01547}
}

@Article{	  chollet2024arc,
  title		= {Arc prize 2024: Technical report},
  author	= {Chollet, Francois and Knoop, Mike and Kamradt, Gregory and
		  Landers, Bryan},
  year		= {2024},
  journal	= {arXiv preprint arXiv:2412.04604}
}

@InProceedings{	  chrysakis2020online,
  title		= {Online continual learning from imbalanced data},
  author	= {Chrysakis, Aristotelis and Moens, Marie-Francine},
  year		= {2020},
  booktitle	= {International Conference on Machine Learning},
  pages		= {1952--1961},
  organization	= {PMLR}
}

@InProceedings{	  chu2023timebench,
  title		= {TimeBench: A Comprehensive Evaluation of Temporal
		  Reasoning Abilities in Large Language Models},
  author	= {Chu, Zheng and Chen, Jingchang and Chen, Qianglong and Yu,
		  Weijiang and Wang, Haotian and Liu, Ming and Qin, Bing},
  booktitle	= {Proceedings of the 62nd Annual Meeting of the Association
		  for Computational Linguistics (Volume 1: Long Papers)},
  pages		= {1204--1228},
  year		= {2024}
}

@InProceedings{	  cimatti2002nusmv,
  title		= {Nusmv 2: An opensource tool for symbolic model checking},
  author	= {Cimatti, Alessandro and Clarke, Edmund and Giunchiglia,
		  Enrico and Giunchiglia, Fausto and Pistore, Marco and
		  Roveri, Marco and Sebastiani, Roberto and Tacchella,
		  Armando},
  year		= {2002},
  booktitle	= {Computer Aided Verification: 14th International
		  Conference, CAV 2002 Copenhagen, Denmark, July 27--31, 2002
		  Proceedings 14},
  pages		= {359--364},
  organization	= {Springer}
}

@Article{	  ciravegna2023logic,
  title		= {Logic explained networks},
  author	= {Ciravegna, Gabriele and Barbiero, Pietro and Giannini,
		  Francesco and Gori, Marco and Li{\'o}, Pietro and Maggini,
		  Marco and Melacci, Stefano},
  year		= {2023},
  journal	= {Artificial Intelligence},
  publisher	= {Elsevier},
  volume	= {314},
  pages		= {103822}
}

@Article{	  clarke2018introduction,
  title		= {Introduction to model checking},
  author	= {Clarke, Edmund M and Henzinger, Thomas A and Veith,
		  Helmut},
  year		= {2018},
  journal	= {Handbook of Model Checking},
  publisher	= {Springer},
  pages		= {1--26}
}

@Article{	  cutler1994archetypal,
  title		= {Archetypal analysis},
  author	= {Cutler, Adele and Breiman, Leo},
  year		= {1994},
  journal	= {Technometrics},
  publisher	= {Taylor \& Francis},
  volume	= {36},
  number	= {4},
  pages		= {338--347}
}

@InProceedings{	  d2017power,
  title		= {The power of symbolic automata and transducers},
  author	= {D’Antoni, Loris and Veanes, Margus},
  year		= {2017},
  booktitle	= {Computer Aided Verification: 29th International
		  Conference, CAV 2017, Heidelberg, Germany, July 24-28,
		  2017, Proceedings, Part I 30},
  pages		= {47--67},
  organization	= {Springer}
}

@Book{		  damon2008child,
  title		= {Child and adolescent development: An advanced course},
  author	= {Damon, William and Lerner, Richard M},
  year		= {2008},
  publisher	= {John Wiley \& Sons}
}

@Article{	  darwiche2002knowledge,
  title		= {A knowledge compilation map},
  author	= {Darwiche, Adnan and Marquis, Pierre},
  year		= {2002},
  journal	= {Journal of Artificial Intelligence Research},
  volume	= {17},
  pages		= {229--264}
}

@InProceedings{	  de2007problog,
  title		= {ProbLog: A probabilistic Prolog and its application in
		  link discovery},
  author	= {De Raedt, Luc and Kimmig, Angelika and Toivonen, Hannu},
  year		= {2007},
  booktitle	= {IJCAI 2007, Proceedings of the 20th international joint
		  conference on artificial intelligence},
  pages		= {2462--2467},
  organization	= {IJCAI-INT JOINT CONF ARTIF INTELL}
}

@InProceedings{	  de2013linear,
  title		= {Linear Temporal Logic and Linear Dynamic Logic on Finite
		  Traces.},
  author	= {De Giacomo, Giuseppe and Vardi, Moshe Y},
  year		= {2013},
  booktitle	= {Ijcai},
  volume	= {13},
  pages		= {854--860}
}

@InProceedings{	  de2018learning,
  title		= {Learning constraints from examples},
  author	= {De Raedt, Luc and Passerini, Andrea and Teso, Stefano},
  year		= {2018},
  booktitle	= {Proceedings of the AAAI conference on artificial
		  intelligence},
  volume	= {32},
  number	= {1}
}

@Article{	  de2021continual,
  title		= {A continual learning survey: Defying forgetting in
		  classification tasks},
  author	= {De Lange, Matthias and Aljundi, Rahaf and Masana, Marc and
		  Parisot, Sarah and Jia, Xu and Leonardis, Ale{\v{s}} and
		  Slabaugh, Gregory and Tuytelaars, Tinne},
  year		= {2021},
  journal	= {IEEE transactions on pattern analysis and machine
		  intelligence},
  publisher	= {IEEE},
  volume	= {44},
  number	= {7},
  pages		= {3366--3385}
}

@Article{	  delong2023neurosymbolic,
  title		= {Neurosymbolic AI for Reasoning on Graph Structures: A
		  Survey},
  author	= {Delong, Lauren Nicole and Mir, Ramon Fern{\'a}ndez and
		  Whyte, Matthew and Ji, Zonglin and Fleuriot, Jacques D},
  journal	= {CoRR},
  year		= {2023}
}

@InProceedings{	  demeester2016lifted,
  title		= {Lifted rule injection for relation embeddings},
  author	= {Demeester, Thomas and Rockt{\"a}schel, T and Riedel, S},
  booktitle	= {2016 Conference on Empirical Methods in Natural Language
		  Processing},
  pages		= {1389--1399},
  year		= {2016}
}

@Article{	  depeweg2018solving,
  title		= {Solving bongard problems with a visual language and
		  pragmatic reasoning},
  author	= {Depeweg, Stefan and Rothkopf, Constantin A and J{\"a}kel,
		  Frank},
  year		= {2018},
  journal	= {arXiv preprint arXiv:1804.04452}
}

@Article{	  diligenti2017semantic,
  title		= {Semantic-based regularization for learning and inference},
  author	= {Diligenti, Michelangelo and Gori, Marco and Sacca,
		  Claudio},
  year		= {2017},
  journal	= {Artificial Intelligence},
  publisher	= {Elsevier},
  volume	= {244},
  pages		= {143--165}
}

@InProceedings{	  dong2018triplet,
  title		= {Triplet loss in siamese network for object tracking},
  author	= {Dong, Xingping and Shen, Jianbing},
  year		= {2018},
  booktitle	= {Proceedings of the European conference on computer vision
		  (ECCV)},
  pages		= {459--474}
}

@InProceedings{	  dosovitskiy2020image,
  title		= {An Image is Worth 16x16 Words: Transformers for Image
		  Recognition at Scale},
  author	= {Dosovitskiy, Alexey and Beyer, Lucas and Kolesnikov,
		  Alexander and Weissenborn, Dirk and Zhai, Xiaohua and
		  Unterthiner, Thomas and Dehghani, Mostafa and Minderer,
		  Matthias and Heigold, Georg and Gelly, Sylvain and others},
  booktitle	= {International Conference on Learning Representations},
  year= {2021},
}

@InProceedings{	  dwyer1998property,
  title		= {Property specification patterns for finite-state
		  verification},
  author	= {Dwyer, Matthew B and Avrunin, George S and Corbett, James
		  C},
  year		= {1998},
  booktitle	= {Proceedings of the second workshop on Formal methods in
		  software practice},
  pages		= {7--15}
}

@InProceedings{	  dziadzio2024infinite,
  title		= {Infinite dSprites for Disentangled Continual Learning:
		  Separating Memory Edits from Generalization},
  author	= {Sebastian Dziadzio and Çagatay Yildiz and Gido M. van de
		  Ven and Tomasz Trzcinski and Tinne Tuytelaars and Matthias
		  Bethge},
  year		= {2024},
  booktitle	= {Proceedings of The 3rd Conference on Lifelong Learning
		  Agents},
  publisher	= {{PMLR}},
  series	= {Proceedings of Machine Learning Research},
  volume	= {274},
  pages		= {498--513}
}

@Article{	  el2019generalization,
  title		= {Generalization bounds in the predict-then-optimize
		  framework},
  author	= {El Balghiti, Othman and Elmachtoub, Adam N and Grigas,
		  Paul and Tewari, Ambuj},
  year		= {2019},
  journal	= {Advances in neural information processing systems},
  volume	= {32}
}

@Article{	  elmachtoub2022smart,
  title		= {Smart “predict, then optimize”},
  author	= {Elmachtoub, Adam N and Grigas, Paul},
  year		= {2022},
  journal	= {Management Science},
  publisher	= {INFORMS},
  volume	= {68},
  number	= {1},
  pages		= {9--26}
}

@Article{	  espinosa2022concept,
  title		= {Concept embedding models: Beyond the
		  accuracy-explainability trade-off},
  author	= {Espinosa Zarlenga, Mateo and Barbiero, Pietro and
		  Ciravegna, Gabriele and Marra, Giuseppe and Giannini,
		  Francesco and Diligenti, Michelangelo and Shams, Zohreh and
		  Precioso, Frederic and Melacci, Stefano and Weller, Adrian
		  and others},
  year		= {2022},
  journal	= {Advances in Neural Information Processing Systems},
  volume	= {35},
  pages		= {21400--21413}
}

@Article{	  fajemisin2023optimization,
  title		= {Optimization with constraint learning: A framework and
		  survey},
  author	= {Fajemisin, Adejuyigbe O and Maragno, Donato and den
		  Hertog, Dick},
  year		= {2023},
  journal	= {European Journal of Operational Research},
  publisher	= {Elsevier}
}

@Article{	  favaro2018application,
  title		= {Application of temporal logic for safety supervisory
		  control and model-based hazard monitoring},
  author	= {Favar{\`o}, Francesca M and Saleh, Joseph H},
  year		= {2018},
  journal	= {Reliability Engineering \& System Safety},
  publisher	= {Elsevier},
  volume	= {169},
  pages		= {166--178}
}

@Article{	  fredrikson2023learning,
  title		= {Learning Modulo Theories},
  author	= {Fredrikson, Matt and Lu, Kaiji and Vijayakumar, Saranya
		  and Jha, Somesh and Ganesh, Vijay and Wang, Zifan},
  year		= {2023},
  journal	= {arXiv preprint arXiv:2301.11435}
}

@Article{	  fu2014probably,
  title		= {Probably approximately correct MDP learning and control
		  with temporal logic constraints},
  author	= {Fu, Jie and Topcu, Ufuk},
  year		= {2014},
  journal	= {arXiv preprint arXiv:1404.7073}
}

@InProceedings{	  galassi2005learning,
  title		= {Learning regular expressions from noisy sequences},
  author	= {Galassi, Ugo and Giordana, Attilio},
  year		= {2005},
  booktitle	= {International Symposium on Abstraction, Reformulation, and
		  Approximation},
  pages		= {92--106},
  organization	= {Springer}
}

@InProceedings{	  gat2022latent,
  title		= {Latent space explanation by intervention},
  author	= {Gat, Itai and Lorberbom, Guy and Schwartz, Idan and Hazan,
		  Tamir},
  year		= {2022},
  booktitle	= {Proceedings of the AAAI Conference on Artificial
		  Intelligence},
  volume	= {36},
  pages		= {679--687}
}

@InProceedings{	  giantamidis2020efficient,
  title		= {Efficient translation of safety ltl to dfa using symbolic
		  automata learning and inductive inference},
  author	= {Giantamidis, Georgios and Basagiannis, Stylianos and
		  Tripakis, Stavros},
  year		= {2020},
  booktitle	= {International Conference on Computer Safety, Reliability,
		  and Security},
  pages		= {115--129},
  organization	= {Springer}
}

@Article{	  gnecco2015foundations,
  title		= {Foundations of support constraint machines},
  author	= {Gnecco, Giorgio and Gori, Marco and Melacci, Stefano and
		  Sanguineti, Marcello},
  year		= {2015},
  journal	= {Neural computation},
  publisher	= {MIT Press},
  volume	= {27},
  number	= {2},
  pages		= {388--480}
}

@Book{		  goodfellow2016deep,
  title		= {Deep learning},
  author	= {Goodfellow, Ian and Bengio, Yoshua and Courville, Aaron},
  year		= {2016},
  publisher	= {MIT press}
}

@Article{	  gori2023collectionless,
  title		= {{Position Paper: Collectionless Artificial Intelligence}},
  author	= {Gori, Marco and Melacci, Stefano},
  year		= {2023},
  journal	= {arXiv preprint arXiv:2309.06938 (to be presented at the
		  IJCNN 2025 conference)},
  url		= {https://collectionless.ai}
}

@Article{	  graydon2014realistic,
  title		= {Realistic safety cases for the timing of systems},
  author	= {Graydon, Patrick and Bate, Iain},
  year		= {2014},
  journal	= {The Computer Journal},
  publisher	= {Oxford University Press},
  volume	= {57},
  number	= {5},
  pages		= {759--774}
}

@InProceedings{	  graziuso2024task,
  title		= {Task-incremental learning on long text sequences},
  author	= {Graziuso, Natalia and Zugarini, Andrea and Melacci,
		  Stefano},
  year		= {2024},
  booktitle	= {Proceedings of the Tenth Italian Conference on
		  Computational Linguistics (CLiC-it 2024), volume TBA of
		  CEUR Workshop Proceedings (CEUR-WS. org, ISSN 1613-0073),
		  page TBA. CEUR}
}

@InProceedings{	  green2007provenance,
  title		= {Provenance semirings},
  author	= {Green, Todd J and Karvounarakis, Grigoris and Tannen,
		  Val},
  year		= {2007},
  booktitle	= {Proceedings of the twenty-sixth ACM SIGMOD-SIGACT-SIGART
		  symposium on Principles of database systems},
  pages		= {31--40}
}

@Article{	  greff2020binding,
  title		= {On the binding problem in artificial neural networks},
  author	= {Greff, Klaus and Van Steenkiste, Sjoerd and Schmidhuber,
		  J{\"u}rgen},
  year		= {2020},
  journal	= {arXiv preprint arXiv:2012.05208}
}

@InProceedings{	  gu2021interpretable,
  title		= {Interpretable graph capsule networks for object
		  recognition},
  author	= {Gu, Jindong},
  year		= {2021},
  booktitle	= {Proceedings of the AAAI Conference on Artificial
		  Intelligence},
  volume	= {35},
  pages		= {1469--1477}
}

@InProceedings{	  hahn2020teaching,
  title		= {Teaching Temporal Logics to Neural Networks},
  author	= {Hahn, Christopher and Schmitt, Frederik and Kreber, Jens U
		  and Rabe, Markus Norman and Finkbeiner, Bernd},
  booktitle	= {International Conference on Learning Representations},
  year		= {2021}
}

@Article{	  hamilton2022neuro,
  title		= {Is neuro-symbolic ai meeting its promises in natural
		  language processing? a structured review},
  author	= {Hamilton, Kyle and Nayak, Aparna and Bo{\v{z}}i{\'c},
		  Bojan and Longo, Luca},
  year		= {2022},
  journal	= {Semantic Web},
  publisher	= {IOS Press},
  number	= {Preprint},
  pages		= {1--42}
}

@Article{	  hanna1957role,
  title		= {The role of precedent in judicial decision},
  author	= {Hanna, John},
  year		= {1957},
  journal	= {Vill. L. Rev.},
  publisher	= {HeinOnline},
  volume	= {2},
  pages		= {367}
}

@InProceedings{	  he2016deep,
  title		= {Deep residual learning for image recognition},
  author	= {He, Kaiming and Zhang, Xiangyu and Ren, Shaoqing and Sun,
		  Jian},
  year		= {2016},
  booktitle	= {Proceedings of the IEEE conference on computer vision and
		  pattern recognition},
  volume	= {},
  number	= {},
  pages		= {770--778}
}

@Article{	  helff2023v,
  title		= {V-LoL: A Diagnostic Dataset for Visual Logical Learning},
  author	= {Helff, Lukas and Stammer, Wolfgang and Shindo, Hikaru and
		  Dhami, Devendra Singh and Kersting, Kristian},
  journal	= {Journal of Data-centric Machine Learning Research},
  year		= {2025}
}

@InProceedings{	  hemati2023class,
  title		= {Class-Incremental Learning with Repetition},
  author	= {Hamed Hemati and Andrea Cossu and Antonio Carta and Julio
		  Hurtado and Lorenzo Pellegrini and Davide Bacciu and
		  Vincenzo Lomonaco and Damian Borth},
  year		= {2023},
  booktitle	= {Proceedings of The 2nd Conference on Lifelong Learning
		  Agents},
  publisher	= {{PMLR}},
  series	= {Proceedings of Machine Learning Research},
  volume	= {232},
  pages		= {437--455}
}

@Article{	  hersche2023neuro,
  title		= {A neuro-vector-symbolic architecture for solving Raven’s
		  progressive matrices},
  author	= {Hersche, Michael and Zeqiri, Mustafa and Benini, Luca and
		  Sebastian, Abu and Rahimi, Abbas},
  year		= {2023},
  journal	= {Nature Machine Intelligence},
  publisher	= {Nature Publishing Group UK London},
  volume	= {5},
  number	= {4},
  pages		= {363--375}
}

@Article{	  higgins2016early,
  title		= {Early Visual Concept Learning with Unsupervised Deep
		  Learning},
  author	= {Higgins, Irina and Matthey, Loic and Glorot, Xavier and
		  Pal, Arka and Uria, Benigno and Blundell, Charles and
		  Mohamed, Shakir and Lerchner, Alexander},
  journal	= {stat},
  volume	= {1050},
  pages		= {17},
  year		= {2016}
}

@Article{	  hinton2015distilling,
  title		= {Distilling the Knowledge in a Neural Network},
  author	= {Hinton, Geoffrey and Vinyals, Oriol and Dean, Jeff},
  journal	= {stat},
  volume	= {1050},
  pages		= {9},
  year		= {2015}
}

@Article{	  holzinger2021kandinskypatterns,
  title		= {KANDINSKYPatterns--An experimental exploration environment
		  for Pattern Analysis and Machine Intelligence},
  author	= {Holzinger, Andreas and Saranti, Anna and Mueller, Heimo},
  year		= {2021},
  journal	= {arXiv preprint arXiv:2103.00519}
}

@Article{	  horan2021unsupervised,
  title		= {When is unsupervised disentanglement possible?},
  author	= {Horan, Daniella and Richardson, Eitan and Weiss, Yair},
  year		= {2021},
  journal	= {Advances in Neural Information Processing Systems},
  volume	= {34},
  pages		= {5150--5161}
}

@InProceedings{	  hu2021stratified,
  title		= {Stratified rule-aware network for abstract visual
		  reasoning},
  author	= {Hu, Sheng and Ma, Yuqing and Liu, Xianglong and Wei, Yanlu
		  and Bai, Shihao},
  year		= {2021},
  booktitle	= {Proceedings of the AAAI Conference on Artificial
		  Intelligence},
  volume	= {35},
  number	= {2},
  pages		= {1567--1574}
}

@Article{	  huang2022protopnet,
  title		= {Is ProtoPNet Really Explainable? Evaluating and Improving
		  the Interpretability of Prototypes},
  author	= {Huang, Qihan and Xue, Mengqi and Zhang, Haofei and Song,
		  Jie and Song, Mingli},
  year		= {2022},
  journal	= {arXiv preprint arXiv:2212.05946}
}

@Article{	  ivaturi2021comprehensive,
  title		= {A comprehensive explanation framework for biomedical time
		  series classification},
  author	= {Ivaturi, Praharsh and Gadaleta, Matteo and Pandey, Amitabh
		  C and Pazzani, Michael and Steinhubl, Steven R and Quer,
		  Giorgio},
  year		= {2021},
  journal	= {IEEE journal of biomedical and health informatics},
  publisher	= {IEEE},
  volume	= {25},
  number	= {7},
  pages		= {2398--2408}
}

@Article{	  jafari2021survey,
  title		= {A survey on locality sensitive hashing algorithms and
		  their applications},
  author	= {Jafari, Omid and Maurya, Preeti and Nagarkar, Parth and
		  Islam, Khandker Mushfiqul and Crushev, Chidambaram},
  year		= {2021},
  journal	= {arXiv preprint arXiv:2102.08942}
}

@InProceedings{	  jain2019attention,
  title		= {Attention is not Explanation},
  author	= {Jain, Sarthak and Wallace, Byron C},
  booktitle	= {Proceedings of the 2019 Conference of the North American
		  Chapter of the Association for Computational Linguistics:
		  Human Language Technologies, Volume 1 (Long and Short
		  Papers)},
  pages		= {3543--3556},
  year		= {2019}
}

@InProceedings{	  jang2016categorical,
  title		= {Categorical Reparameterization with Gumbel-Softmax},
  author	= {Jang, Eric and Gu, Shixiang and Poole, Ben},
  booktitle	= {International Conference on Learning Representations},
  year		= {2017}
}

@Article{	  ji2025chain,
  title		= {Chain-of-Thought Textual Reasoning for Few-shot Temporal
		  Action Localization},
  author	= {Ji, Hongwei and Yun, Wulian and Qi, Mengshi and Ma,
		  Huadong},
  year		= {2025},
  journal	= {arXiv preprint arXiv:2504.13460}
}

@InProceedings{	  jiang2021temporal,
  title		= {Temporal-logic-based reward shaping for continuing
		  reinforcement learning tasks},
  author	= {Jiang, Yuqian and Bharadwaj, Suda and Wu, Bo and Shah,
		  Rishi and Topcu, Ufuk and Stone, Peter},
  year		= {2021},
  booktitle	= {Proceedings of the AAAI Conference on artificial
		  Intelligence},
  volume	= {35},
  number	= {9},
  pages		= {7995--8003}
}

@InProceedings{	  jiang2022bongard,
  title		= {Bongard-hoi: Benchmarking few-shot visual reasoning for
		  human-object interactions},
  author	= {Jiang, Huaizu and Ma, Xiaojian and Nie, Weili and Yu,
		  Zhiding and Zhu, Yuke and Anandkumar, Anima},
  year		= {2022},
  booktitle	= {Proceedings of the IEEE/CVF Conference on Computer Vision
		  and Pattern Recognition},
  pages		= {19056--19065}
}

@InProceedings{	  jiang2023bongard,
  title		= {Bongard-Tool: Tool Concept Induction from Few-Shot Visual
		  Exemplars},
  author	= {Jiang, Guangyuan and Tang, Chuyue and Li, Yuyang and Liu,
		  Yu},
  year		= {2023},
  booktitle	= {PKU 22Fall Course: Cognitive Reasoning}
}

@InProceedings{	  jing2021understanding,
  title		= {Understanding Dimensional Collapse in Contrastive
		  Self-supervised Learning},
  author	= {Jing, Li and Vincent, Pascal and LeCun, Yann and Tian,
		  Yuandong},
  booktitle	= {International Conference on Learning Representations},
  year		= {2022}
}

@InProceedings{	  johnson2017clevr,
  title		= {Clevr: A diagnostic dataset for compositional language and
		  elementary visual reasoning},
  author	= {Johnson, Justin and Hariharan, Bharath and Van Der Maaten,
		  Laurens and Fei-Fei, Li and Lawrence Zitnick, C and
		  Girshick, Ross},
  year		= {2017},
  booktitle	= {Proceedings of the IEEE conference on computer vision and
		  pattern recognition},
  pages		= {2901--2910}
}

@Article{	  kaiser2018discrete,
  title		= {Discrete autoencoders for sequence models},
  author	= {Kaiser, {\L}ukasz and Bengio, Samy},
  year		= {2018},
  journal	= {arXiv preprint arXiv:1801.09797}
}

@Article{	  kaya2019deep,
  title		= {Deep metric learning: A survey},
  author	= {Kaya, Mahmut and Bilge, Hasan {\c{S}}akir},
  year		= {2019},
  journal	= {Symmetry},
  publisher	= {MDPI},
  volume	= {11},
  number	= {9},
  pages		= {1066}
}

@Article{	  kimmig2017algebraic,
  title		= {Algebraic model counting},
  author	= {Kimmig, Angelika and Van den Broeck, Guy and De Raedt,
		  Luc},
  year		= {2017},
  journal	= {Journal of Applied Logic},
  publisher	= {Elsevier},
  volume	= {22},
  pages		= {46--62}
}

@InProceedings{	  knight2002safety,
  title		= {Safety critical systems: challenges and directions},
  author	= {Knight, John C},
  year		= {2002},
  booktitle	= {Proceedings of the 24th international conference on
		  software engineering},
  pages		= {547--550}
}

@InProceedings{	  koh2020concept,
  title		= {Concept bottleneck models},
  author	= {Koh, Pang Wei and Nguyen, Thao and Tang, Yew Siang and
		  Mussmann, Stephen and Pierson, Emma and Kim, Been and
		  Liang, Percy},
  year		= {2020},
  booktitle	= {International Conference on Machine Learning},
  pages		= {5338--5348},
  organization	= {PMLR}
}

@Article{	  kohonen1995learning,
  title		= {Learning vector quantization},
  author	= {Kohonen, Teuvo},
  year		= {1995},
  journal	= {Self-organizing maps},
  publisher	= {Springer},
  pages		= {175--189}
}

@InProceedings{	  koppen2000curse,
  title		= {The curse of dimensionality},
  author	= {K{\"o}ppen, Mario},
  year		= {2000},
  booktitle	= {5th online world conference on soft computing in
		  industrial applications (WSC5)},
  volume	= {1},
  pages		= {4--8}
}

@InProceedings{	  kotary2021end,
  title		= {End-to-End Constrained Optimization Learning: A Survey},
  author	= {Kotary, James and Fioretto, Ferdinando and Van Hentenryck,
		  Pascal and Wilder, Bryan},
  booktitle	= {International Joint Conference on Artificial
		  Intelligence},
  year		= {2021}
}

@Article{	  krishna2017visual,
  title		= {Visual genome: Connecting language and vision using
		  crowdsourced dense image annotations},
  author	= {Krishna, Ranjay and Zhu, Yuke and Groth, Oliver and
		  Johnson, Justin and Hata, Kenji and Kravitz, Joshua and
		  Chen, Stephanie and Kalantidis, Yannis and Li, Li-Jia and
		  Shamma, David A and others},
  year		= {2017},
  journal	= {International journal of computer vision},
  publisher	= {Springer},
  volume	= {123},
  pages		= {32--73}
}

@Article{	  krizhevsky2009learning,
  title		= {Learning multiple layers of features from tiny images},
  author	= {Krizhevsky, Alex and Hinton, Geoffrey and others},
  year		= {2009},
  publisher	= {Toronto, ON, Canada}
}

@InProceedings{	  kuo2020encoding,
  title		= {Encoding formulas as deep networks: Reinforcement learning
		  for zero-shot execution of LTL formulas},
  author	= {Kuo, Yen-Ling and Katz, Boris and Barbu, Andrei},
  year		= {2020},
  booktitle	= {2020 IEEE/RSJ International Conference on Intelligent
		  Robots and Systems (IROS)},
  pages		= {5604--5610},
  organization	= {IEEE}
}

@InProceedings{	  lacerda2015optimal,
  title		= {Optimal Policy Generation for Partially Satisfiable
		  Co-Safe LTL Specifications.},
  author	= {Lacerda, Bruno and Parker, David and Hawes, Nick},
  year		= {2015},
  booktitle	= {IJCAI},
  volume	= {15},
  pages		= {1587--1593},
  organization	= {Citeseer}
}

@Article{	  larson1977inductive,
  title		= {Inductive inference of VL decision rules},
  author	= {Larson, James and Michalski, Ryszard S},
  year		= {1977},
  journal	= {ACM SIGART Bulletin},
  publisher	= {ACM New York, NY, USA},
  number	= {63},
  pages		= {38--44}
}

@Article{	  lecun1998gradient,
  title		= {Gradient-based learning applied to document recognition},
  author	= {LeCun, Yann and Bottou, L{\'e}on and Bengio, Yoshua and
		  Haffner, Patrick},
  year		= {1998},
  journal	= {Proceedings of the IEEE},
  publisher	= {Ieee},
  volume	= {86},
  number	= {11},
  pages		= {2278--2324}
}

@Article{	  lecun1998mnist,
  title		= {The MNIST database of handwritten digits},
  author	= {LeCun, Yann},
  year		= {1998},
  journal	= {http://yann. lecun. com/exdb/mnist/}
}

@Article{	  lee2023neuro,
  title		= {Neuro-Symbolic Spatio-Temporal Reasoning},
  author	= {Lee, Jae Hee and Sioutis, Michael and Ahrens, Kyra and
		  Alirezaie, Marjan and Kerzel, Matthias and Wermter,
		  Stefan},
  year		= {2023},
  journal	= {Compendium of Neurosymbolic Artificial Intelligence},
  publisher	= {IOS Press},
  volume	= {369},
  pages		= {410}
}

@Article{	  lehmann1998stereotypical,
  title		= {Stereotypical reasoning: Logical properties},
  author	= {Lehmann, Daniel},
  year		= {1998},
  journal	= {Logic Journal of IGPL},
  publisher	= {Oxford University Press},
  volume	= {6},
  number	= {1},
  pages		= {49--58}
}

@InProceedings{	  lesort2023challenging,
  title		= {Challenging Common Assumptions about Catastrophic
		  Forgetting and Knowledge Accumulation},
  author	= {Timothée Lesort and Oleksiy Ostapenko and Pau Rodríguez
		  and Diganta Misra and Md Rifat Arefin and Laurent Charlin
		  and Irina Rish},
  year		= {2023},
  booktitle	= {Proceedings of The 2nd Conference on Lifelong Learning
		  Agents},
  publisher	= {{PMLR}},
  series	= {Proceedings of Machine Learning Research},
  volume	= {232},
  pages		= {43--65}
}

@Article{	  li2017learning,
  title		= {Learning without forgetting},
  author	= {Li, Zhizhong and Hoiem, Derek},
  year		= {2017},
  journal	= {IEEE transactions on pattern analysis and machine
		  intelligence},
  publisher	= {IEEE},
  volume	= {40},
  number	= {12},
  pages		= {2935--2947}
}

@InProceedings{	  li2018deep,
  title		= {Deep learning for case-based reasoning through prototypes:
		  A neural network that explains its predictions},
  author	= {Li, Oscar and Liu, Hao and Chen, Chaofan and Rudin,
		  Cynthia},
  year		= {2018},
  booktitle	= {Proceedings of the AAAI Conference on Artificial
		  Intelligence},
  volume	= {32},
  number	= {1}
}

@Article{	  li2019hake,
  title		= {Hake: Human activity knowledge engine},
  author	= {Li, Yong-Lu and Xu, Liang and Liu, Xinpeng and Huang,
		  Xijie and Xu, Yue and Chen, Mingyang and Ma, Ze and Wang,
		  Shiyi and Fang, Hao-Shu and Lu, Cewu},
  year		= {2019},
  journal	= {arXiv preprint arXiv:1904.06539}
}

@InProceedings{	  li2022continual,
  title		= {Continual unsupervised disentangling of self-organizing
		  representations},
  author	= {Li, Zhiyuan and Jiang, Xiajun and Missel, Ryan and
		  Gyawali, Prashnna Kumar and Kumar, Nilesh and Wang,
		  Linwei},
  year		= {2022},
  booktitle	= {The Eleventh International Conference on Learning
		  Representations}
}

@Article{	  li2023scallop,
  title		= {Scallop: {A} Language for Neurosymbolic Programming},
  author	= {Ziyang Li and Jiani Huang and Mayur Naik},
  year		= {2023},
  journal	= {Proc. {ACM} Program. Lang.},
  publisher	= {ACM New York, NY, USA},
  volume	= {7},
  number	= {{PLDI}},
  pages		= {1463--1487}
}

@InProceedings{	  lin2021clear,
  title		= {The clear benchmark: Continual learning on real-world
		  imagery},
  author	= {Lin, Zhiqiu and Shi, Jia and Pathak, Deepak and Ramanan,
		  Deva},
  year		= {2021},
  booktitle	= {Thirty-fifth conference on neural information processing
		  systems datasets and benchmarks track (round 2)}
}

@Article{	  lin2024moe,
  title		= {MoE-LLaVA: Mixture of Experts for Large Vision-Language
		  Models},
  author	= {Lin, Bin and Tang, Zhenyu and Ye, Yang and Cui, Jiaxi and
		  Zhu, Bin and Jin, Peng and Zhang, Junwu and Ning, Munan and
		  Yuan, Li},
  journal	= {CoRR},
  year		= {2024}
}

@Article{	  liu2024visual,
  title		= {Visual instruction tuning},
  author	= {Liu, Haotian and Li, Chunyuan and Wu, Qingyang and Lee,
		  Yong Jae},
  year		= {2024},
  journal	= {Advances in neural information processing systems},
  volume	= {36}
}

@InProceedings{	  locatello2019challenging,
  title		= {Challenging common assumptions in the unsupervised
		  learning of disentangled representations},
  author	= {Locatello, Francesco and Bauer, Stefan and Lucic, Mario
		  and Raetsch, Gunnar and Gelly, Sylvain and Sch{\"o}lkopf,
		  Bernhard and Bachem, Olivier},
  year		= {2019},
  booktitle	= {international conference on machine learning},
  pages		= {4114--4124},
  organization	= {PMLR}
}

@Article{	  lombardi2017empirical,
  title		= {Empirical decision model learning},
  author	= {Lombardi, Michele and Milano, Michela and Bartolini,
		  Andrea},
  year		= {2017},
  journal	= {Artificial Intelligence},
  publisher	= {Elsevier},
  volume	= {244},
  pages		= {343--367}
}

@InProceedings{	  lomonaco2017core50,
  title		= {Core50: a new dataset and benchmark for continuous object
		  recognition},
  author	= {Lomonaco, Vincenzo and Maltoni, Davide},
  year		= {2017},
  booktitle	= {Conference on robot learning},
  pages		= {17--26},
  organization	= {PMLR}
}

@InProceedings{	  lomonaco2021avalanche,
  title		= {Avalanche: an end-to-end library for continual learning},
  author	= {Lomonaco, Vincenzo and Pellegrini, Lorenzo and Cossu,
		  Andrea and Carta, Antonio and Graffieti, Gabriele and
		  Hayes, Tyler L and De Lange, Matthias and Masana, Marc and
		  Pomponi, Jary and Van de Ven, Gido M and others},
  year		= {2021},
  booktitle	= {Proceedings of the IEEE/CVF conference on computer vision
		  and pattern recognition},
  pages		= {3600--3610}
}

@Article{	  lopez2017gradient,
  title		= {Gradient episodic memory for continual learning},
  author	= {Lopez-Paz, David and Ranzato, Marc'Aurelio},
  year		= {2017},
  journal	= {Advances in neural information processing systems},
  volume	= {30}
}

@InProceedings{	  lorello2023challenge,
  title		= {The Challenge of Learning Symbolic Representations},
  author	= {Lorello, Luca Salvatore and Lippi, Marco},
  booktitle={17th International Workshop on Neural-Symbolic Learning and Reasoning},
  year={2023}
}

@InProceedings{	  lorello2024continual,
  title		= {Continual Learning for Unsupervised Concept Bottleneck
		  Discovery},
  author	= {Luca Salvatore Lorello and Marco Lippi and Stefano
		  Melacci},
  year		= {2024},
  booktitle	= {Conference on Lifelong Learning Agents, CoLLAs 2024, 29
		  July-1 August 2024, University of Pisa, Siena, Italy},
  publisher	= {{PMLR}},
  series	= {Proceedings of Machine Learning Research},
  volume	= {274},
  pages		= {597--619}
}

@Article{	  lorello2025kandy,
  title		= {The KANDY benchmark: Incremental neuro-symbolic learning
		  and reasoning with Kandinsky patterns},
  author	= {Lorello, Luca Salvatore and Lippi, Marco and Melacci,
		  Stefano},
  journal	= {Machine Learning},
  volume	= {114},
  number	= {7},
  pages		= {161},
  year		= {2025},
  publisher	= {Springer}
}

@Article{	  lorello2025neuro,
  title		= {A Neuro-Symbolic Framework for Sequence Classification
		  with Relational and Temporal Knowledge},
  author	= {Lorello, Luca Salvatore and Lippi, Marco and Melacci,
		  Stefano},
  year		= {2025},
  journal	= {To appear in the Proceedings of the Thirty-Fourth
		  International Joint Conference on Artificial Intelligence}
}

@Article{	  luo2020survey,
  title		= {A survey on deep hashing methods},
  author	= {Luo, Xiao and Wang, Haixin and Wu, Daqing and Chen, Chong
		  and Deng, Minghua and Huang, Jianqiang and Hua,
		  Xian-Sheng},
  year		= {2020},
  journal	= {ACM Transactions on Knowledge Discovery from Data (TKDD)},
  publisher	= {ACM New York, NY}
}

@InProceedings{	  luo2022checking,
  title		= {Checking ltl satisfiability via end-to-end learning},
  author	= {Luo, Weilin and Wan, Hai and Zhang, Delong and Du,
		  Jianfeng and Su, Hengdi},
  year		= {2022},
  booktitle	= {Proceedings of the 37th IEEE/ACM International Conference
		  on Automated Software Engineering},
  pages		= {1--13}
}

@Article{	  luo2023survey,
  title		= {A survey on deep hashing methods},
  author	= {Luo, Xiao and Wang, Haixin and Wu, Daqing and Chen, Chong
		  and Deng, Minghua and Huang, Jianqiang and Hua,
		  Xian-Sheng},
  year		= {2023},
  journal	= {ACM Transactions on Knowledge Discovery from Data},
  publisher	= {ACM New York, NY},
  volume	= {17},
  number	= {1},
  pages		= {1--50}
}

@InProceedings{	  luo2024learning,
  title		= {Learning to Check LTL Satisfiability and to Generate
		  Traces via Differentiable Trace Checking},
  author	= {Luo, Weilin and Liang, Pingjia and Qiu, Junming and Chen,
		  Polong and Wan, Hai and Du, Jianfeng and Fang, Weiyuan},
  year		= {2024},
  booktitle	= {Proceedings of the 33rd ACM SIGSOFT International
		  Symposium on Software Testing and Analysis},
  pages		= {996--1008}
}

@InProceedings{	  lyu2023faithful,
  title		= {Faithful chain-of-thought reasoning},
  author	= {Lyu, Qing and Havaldar, Shreya and Stein, Adam and Zhang,
		  Li and Rao, Delip and Wong, Eric and Apidianaki, Marianna
		  and Callison-Burch, Chris},
  booktitle	= {The 13th International Joint Conference on Natural
		  Language Processing and the 3rd Conference of the
		  Asia-Pacific Chapter of the Association for Computational
		  Linguistics (IJCNLP-AACL 2023)},
  year		= {2023}
}

@InProceedings{	  ma2010approach,
  title		= {An approach for design and formal verification of
		  safety-critical software},
  author	= {Ma, Wei-gang and Hei, Xin-hong},
  year		= {2010},
  booktitle	= {2010 International Conference on Computer Application and
		  System Modeling (ICCASM 2010)},
  volume	= {4},
  pages		= {V4--264},
  organization	= {IEEE}
}

@InProceedings{	  ma2019towards,
  title		= {Towards Generalizable Neuro-Symbolic Systems for
		  Commonsense Question Answering},
  author	= {Ma, Kaixin and Francis, Jonathan and Lu, Quanyang and
		  Nyberg, Eric and Oltramari, Alessandro},
  booktitle	= {Proceedings of the First Workshop on Commonsense Inference
		  in Natural Language Processing},
  pages		= {22--32},
  year		= {2019}
}

@Article{	  mackay1998introduction,
  title		= {Introduction to Gaussian processes},
  author	= {MacKay, David JC and others},
  year		= {1998},
  journal	= {NATO ASI series F computer and systems sciences},
  publisher	= {Citeseer},
  volume	= {168},
  pages		= {133--166}
}

@InProceedings{	  maddison2016concrete,
  title		= {The concrete distribution: A continuous relaxation of
		  discrete random variables},
  author	= {Maddison, C and Mnih, A and Teh, Y},
  booktitle	= {Proceedings of the international conference on learning
		  Representations},
  year		= {2017},
  organization	= {International Conference on Learning Representations}
}

@InProceedings{	  maene2024hardness,
  title		= {On the Hardness of Probabilistic Neurosymbolic Learning},
  author	= {Maene, Jaron and Derkinderen, Vincent and De Raedt, Luc},
  booktitle	= {Proceedings of the 41th International Conference on
		  Machine Learning},
  year		= {2024}
}

@Article{	  maene2024soft,
  title		= {Soft-Unification in Deep Probabilistic Logic},
  author	= {Maene, Jaron and {De Raedt}, Luc},
  year		= {2024},
  journal	= {Advances in Neural Information Processing Systems},
  volume	= {36}
}

@InProceedings{	  mahalanobis1936mahalanobis,
  title		= {Mahalanobis distance},
  author	= {Mahalanobis, PC},
  year		= {1936},
  booktitle	= {Proceedings National Institute of Science of India},
  volume	= {49},
  number	= {2},
  pages		= {234--256}
}

@Article{	  mai2022online,
  title		= {Online continual learning in image classification: An
		  empirical survey},
  author	= {Mai, Zheda and Li, Ruiwen and Jeong, Jihwan and Quispe,
		  David and Kim, Hyunwoo and Sanner, Scott},
  year		= {2022},
  journal	= {Neurocomputing},
  publisher	= {Elsevier},
  volume	= {469},
  pages		= {28--51}
}

@Article{	  maltoni2019continuous,
  title		= {Continuous learning in single-incremental-task scenarios},
  author	= {Maltoni, Davide and Lomonaco, Vincenzo},
  year		= {2019},
  journal	= {Neural Networks},
  publisher	= {Elsevier},
  volume	= {116},
  pages		= {56--73}
}

@Article{	  manginas2024nesya,
  title		= {NeSyA: Neurosymbolic Automata},
  author	= {Anonymous authors},
  year		= {2024},
  journal	= {Under double-blind review}
}

@Article{	  manhaeve2018deepproblog,
  title		= {Deepproblog: Neural probabilistic logic programming},
  author	= {Manhaeve, Robin and Dumancic, Sebastijan and Kimmig,
		  Angelika and Demeester, Thomas and De Raedt, Luc},
  year		= {2018},
  journal	= {Advances in Neural Information Processing Systems},
  volume	= {31}
}

@InProceedings{	  manhaeve2021approximate,
  title		= {Approximate Inference for Neural Probabilistic Logic
		  Programming.},
  author	= {Manhaeve, Robin and Marra, Giuseppe and De Raedt, Luc},
  year		= {2021},
  booktitle	= {KR},
  pages		= {475--486}
}

@InProceedings{	  manhaeve2024benchmarking,
  title		= {Benchmarking in Neuro-Symbolic AI},
  author	= {Manhaeve, Robin and Giannini, Francesco and Ali, Mehdi and
		  Azzolini, Damiano and Bizzarri, Alice and Borghesi, Andrea
		  and Bortolotti, Samuele and De Raedt, Luc and Dhami,
		  Devendra and Diligenti, Michelangelo and others},
  year		= {2024},
  booktitle	= {Proceedings of The 4th International Joint Conference on
		  Learning \& Reasoning}
}

@Article{	  mannelli2024tilting,
  title		= {Tilting the odds at the lottery: the interplay of
		  overparameterisation and curricula in neural networks},
  author	= {Mannelli, Stefano Sarao and Ivashynka, Yaraslau and Saxe,
		  Andrew and Saglietti, Luca},
  year		= {2024},
  journal	= {Journal of Statistical Mechanics: Theory and Experiment},
  publisher	= {IOP Publishing},
  volume	= {2024},
  number	= {11},
  pages		= {114001}
}

@InProceedings{	  marconato2022catastrophic,
  title		= {Catastrophic forgetting in continual concept bottleneck
		  models},
  author	= {Marconato, Emanuele and Bontempo, Gianpaolo and Teso,
		  Stefano and Ficarra, Elisa and Calderara, Simone and
		  Passerini, Andrea},
  year		= {2022},
  booktitle	= {International Conference on Image Analysis and
		  Processing},
  pages		= {539--547},
  organization	= {Springer}
}

@InProceedings{	  marconato2023neuro,
  title		= {Neuro-Symbolic Reasoning Shortcuts: Mitigation Strategies
		  and their Limitations},
  author	= {Marconato, Emanuele and Teso, Stefano and Passerini,
		  Andrea and others},
  booktitle	= {17th International Workshop on Neural-Symbolic Learning
		  and Reasoning},
  year		= {2023}
}

@Article{	  marconato2023not,
  title		= {Not all neuro-symbolic concepts are created equal:
		  Analysis and mitigation of reasoning shortcuts},
  author	= {Marconato, Emanuele and Teso, Stefano and Vergari, Antonio
		  and Passerini, Andrea},
  year		= {2023},
  journal	= {Advances in Neural Information Processing Systems},
  volume	= {36},
  pages		= {72507--72539}
}

@Article{	  margeloiu2021concept,
  title		= {Do concept bottleneck models learn as intended?},
  author	= {Margeloiu, Andrei and Ashman, Matthew and Bhatt, Umang and
		  Chen, Yanzhi and Jamnik, Mateja and Weller, Adrian},
  year		= {2021},
  journal	= {arXiv preprint arXiv:2105.04289}
}

@Article{	  marra2024statistical,
  title		= {From statistical relational to neurosymbolic artificial
		  intelligence: {A} survey},
  author	= {Giuseppe Marra and Sebastijan Dumancic and Robin Manhaeve
		  and Luc {De Raedt}},
  year		= {2024},
  journal	= {Artif. Intell.},
  publisher	= {Elsevier},
  volume	= {328},
  pages		= {104062},
  doi		= {10.1016/J.ARTINT.2023.104062},
  url		= {https://doi.org/10.1016/j.artint.2023.104062},
  timestamp	= {Tue, 07 May 2024 20:26:20 +0200},
  biburl	= {https://dblp.org/rec/journals/ai/MarraDMR24.bib},
  bibsource	= {dblp computer science bibliography, https://dblp.org}
}

@Article{	  matthews1975comparison,
  title		= {Comparison of the predicted and observed secondary
		  structure of T4 phage lysozyme},
  author	= {Matthews, Brian W},
  year		= {1975},
  journal	= {Biochimica et Biophysica Acta (BBA)-Protein Structure},
  publisher	= {Elsevier},
  volume	= {405},
  number	= {2},
  pages		= {442--451}
}

@Article{	  maurya2020reliability,
  title		= {Reliability of safety-critical systems: A state-of-the-art
		  review},
  author	= {Maurya, Ankur and Kumar, Divya},
  year		= {2020},
  journal	= {Quality and Reliability Engineering International},
  publisher	= {Wiley Online Library},
  volume	= {36},
  number	= {7},
  pages		= {2547--2568}
}

@InProceedings{	  mccarthy1998elaboration,
  title		= {Elaboration tolerance},
  author	= {McCarthy, John},
  year		= {1998},
  booktitle	= {Common sense},
  volume	= {98},
  pages		= {2}
}

@Article{	  melacci2021domain,
  title		= {Domain knowledge alleviates adversarial attacks in
		  multi-label classifiers},
  author	= {Melacci, Stefano and Ciravegna, Gabriele and Sotgiu,
		  Angelo and Demontis, Ambra and Biggio, Battista and Gori,
		  Marco and Roli, Fabio},
  year		= {2021},
  journal	= {IEEE Transactions on Pattern Analysis and Machine
		  Intelligence},
  publisher	= {IEEE},
  volume	= {44},
  number	= {12},
  pages		= {9944--9959}
}

@Article{	  melacci2024unified,
  title		= {A Unified Framework for Neural Computation and Learning
		  Over Time},
  author	= {Melacci, Stefano and Betti, Alessandro and Casoni, Michele
		  and Guidi, Tommaso and Tiezzi, Matteo and Gori, Marco},
  year		= {2024},
  journal	= {arXiv preprint arXiv:2409.12038}
}

@Article{	  menendez1997jensen,
  title		= {The jensen-shannon divergence},
  author	= {Men{\'e}ndez, ML and Pardo, JA and Pardo, L and Pardo, MC},
  year		= {1997},
  journal	= {Journal of the Franklin Institute},
  publisher	= {Elsevier},
  volume	= {334},
  number	= {2},
  pages		= {307--318}
}

@Article{	  meurer2017sympy,
  title		= {SymPy: symbolic computing in Python},
  author	= {Meurer, Aaron and Smith, Christopher P and Paprocki,
		  Mateusz and {\v{C}}ert{\'\i}k, Ond{\v{r}}ej and Kirpichev,
		  Sergey B and Rocklin, Matthew and Kumar, AMiT and Ivanov,
		  Sergiu and Moore, Jason K and Singh, Sartaj and others},
  year		= {2017},
  journal	= {PeerJ Computer Science},
  publisher	= {PeerJ Inc.},
  volume	= {3},
  pages		= {e103}
}

@InProceedings{	  ming2019interpretable,
  title		= {Interpretable and steerable sequence learning via
		  prototypes},
  author	= {Ming, Yao and Xu, Panpan and Qu, Huamin and Ren, Liu},
  year		= {2019},
  booktitle	= {Proceedings of the 25th ACM SIGKDD International
		  Conference on Knowledge Discovery \& Data Mining},
  pages		= {903--913}
}

@Article{	  misino2022vael,
  title		= {Vael: Bridging variational autoencoders and probabilistic
		  logic programming},
  author	= {Misino, Eleonora and Marra, Giuseppe and Sansone,
		  Emanuele},
  journal	= {Advances in Neural Information Processing Systems},
  volume	= {35},
  pages		= {4667--4679},
  year		= {2022}
}

@Article{	  mukherjee2022octal,
  title		= {OCTAL: Graph Representation Learning for LTL Model
		  Checking},
  author	= {Mukherjee, Prasita and Yin, Haoteng and Suresh, Susheel
		  and Rompf, Tiark},
  journal	= {CoRR},
  year		= {2022}
}

@InProceedings{	  mulamba2020contrastive,
  title		= {Contrastive Losses and Solution Caching for
		  Predict-and-Optimize},
  author	= {Mulamba, Maxime and Mandi, Jayanta and Diligenti,
		  Michelangelo and Lombardi, Michele and Bucarey, Victor and
		  Guns, Tias and others},
  booktitle	= {Proceedings of the Thirtieth International Joint
		  Conference on Artificial Intelligence},
  pages		= {2833--2840},
  year		= {2021},
  organization	= {ijcai. org}
}

@Article{	  muller2021kandinsky,
  title		= {Kandinsky patterns},
  author	= {M{\"u}ller, Heimo and Holzinger, Andreas},
  year		= {2021},
  journal	= {Artificial intelligence},
  publisher	= {Elsevier},
  volume	= {300},
  pages		= {103546}
}

@InProceedings{	  nauta2021neural,
  title		= {Neural prototype trees for interpretable fine-grained
		  image recognition},
  author	= {Nauta, Meike and Van Bree, Ron and Seifert, Christin},
  year		= {2021},
  booktitle	= {Proceedings of the IEEE/CVF Conference on Computer Vision
		  and Pattern Recognition},
  pages		= {14933--14943}
}

@InProceedings{	  nethercote2007minizinc,
  title		= {MiniZinc: Towards a standard CP modelling language},
  author	= {Nethercote, Nicholas and Stuckey, Peter J and Becket,
		  Ralph and Brand, Sebastian and Duck, Gregory J and Tack,
		  Guido},
  year		= {2007},
  booktitle	= {International Conference on Principles and Practice of
		  Constraint Programming},
  pages		= {529--543},
  organization	= {Springer}
}

@InProceedings{	  netzer2011reading,
  title		= {Reading digits in natural images with unsupervised feature
		  learning},
  author	= {Netzer, Yuval and Wang, Tao and Coates, Adam and Bissacco,
		  Alessandro and Wu, Baolin and Ng, Andrew Y and others},
  year		= {2011},
  booktitle	= {NIPS workshop on deep learning and unsupervised feature
		  learning},
  volume	= {2011},
  number	= {2},
  pages		= {4},
  organization	= {Granada}
}

@Book{		  newell1972human,
  title		= {Human problem solving},
  author	= {Newell, Allen and Simon, Herbert Alexander and others},
  year		= {1972},
  publisher	= {Prentice-hall Englewood Cliffs, NJ},
  volume	= {104},
  number	= {9}
}

@Article{	  nie2020bongard,
  title		= {Bongard-logo: A new benchmark for human-level concept
		  learning and reasoning},
  author	= {Nie, Weili and Yu, Zhiding and Mao, Lei and Patel, Ankit B
		  and Zhu, Yuke and Anandkumar, Anima},
  year		= {2020},
  journal	= {Advances in Neural Information Processing Systems},
  volume	= {33},
  pages		= {16468--16480}
}

@Article{	  norouzi2012hamming,
  title		= {Hamming distance metric learning},
  author	= {Norouzi, Mohammad and Fleet, David J and Salakhutdinov,
		  Russ R},
  year		= {2012},
  journal	= {Advances in neural information processing systems},
  volume	= {25}
}

@Article{	  pang2019neural,
  title		= {Neural-net-induced Gaussian process regression for
		  function approximation and PDE solution},
  author	= {Pang, Guofei and Yang, Liu and Karniadakis, George Em},
  year		= {2019},
  journal	= {Journal of Computational Physics},
  publisher	= {Elsevier},
  volume	= {384},
  pages		= {270--288}
}

@Article{	  parisi201954,
  title		= {Continual lifelong learning with neural networks: A
		  review},
  author	= {German I. Parisi and Ronald Kemker and Jose L. Part and
		  Christopher Kanan and Stefan Wermter},
  year		= {2019},
  journal	= {Neural Networks},
  volume	= {113},
  pages		= {54--71},
  doi		= {https://doi.org/10.1016/j.neunet.2019.01.012},
  issn		= {0893-6080},
  url		= {https://www.sciencedirect.com/science/article/pii/S0893608019300231},
  keywords	= {Continual learning, Lifelong learning, Catastrophic
		  forgetting, Developmental systems, Memory consolidation}
}

@Article{	  parisi2019continual,
  title		= {Continual lifelong learning with neural networks: A
		  review},
  author	= {Parisi, German I and Kemker, Ronald and Part, Jose L and
		  Kanan, Christopher and Wermter, Stefan},
  year		= {2019},
  journal	= {Neural networks},
  publisher	= {Elsevier},
  volume	= {113},
  pages		= {54--71}
}

@InProceedings{	  pnueli1977temporal,
  title		= {The temporal logic of programs},
  author	= {Pnueli, Amir},
  year		= {1977},
  booktitle	= {18th annual symposium on foundations of computer science
		  (sfcs 1977)},
  pages		= {46--57},
  organization	= {ieee}
}

@InProceedings{	  poganvcic2020differentiation,
  title		= {Differentiation of blackbox combinatorial solvers},
  author	= {Pogan{\v{c}}i{\'c}, Marin Vlastelica and Paulus, Anselm
		  and Musil, Vit and Martius, Georg and Rolinek, Michal},
  year		= {2020},
  booktitle	= {International Conference on Learning Representations}
}

@Article{	  raedt2016statistical,
  title		= {Statistical relational artificial intelligence: Logic,
		  probability, and computation},
  author	= {Raedt, Luc De and Kersting, Kristian and Natarajan,
		  Sriraam and Poole, David},
  year		= {2016},
  journal	= {Synthesis lectures on artificial intelligence and machine
		  learning},
  publisher	= {Springer},
  volume	= {10},
  number	= {2},
  pages		= {1--189}
}

@Article{	  raissi2019physics,
  title		= {Physics-informed neural networks: A deep learning
		  framework for solving forward and inverse problems
		  involving nonlinear partial differential equations},
  author	= {Raissi, Maziar and Perdikaris, Paris and Karniadakis,
		  George E},
  year		= {2019},
  journal	= {Journal of Computational physics},
  publisher	= {Elsevier},
  volume	= {378},
  pages		= {686--707}
}

@Article{	  raven1938raven,
  title		= {Raven standard progressive matrices},
  author	= {Raven, John C},
  year		= {1938},
  journal	= {Journal of Cognition and Development}
}

@InProceedings{	  rebuffi2017icarl,
  title		= {icarl: Incremental classifier and representation
		  learning},
  author	= {Rebuffi, Sylvestre-Alvise and Kolesnikov, Alexander and
		  Sperl, Georg and Lampert, Christoph H},
  year		= {2017},
  booktitle	= {Proceedings of the IEEE conference on Computer Vision and
		  Pattern Recognition},
  pages		= {2001--2010}
}

@InProceedings{	  riedel2013relation,
  title		= {Relation extraction with matrix factorization and
		  universal schemas},
  author	= {Riedel, Sebastian and Yao, Limin and McCallum, Andrew and
		  Marlin, Benjamin M},
  year		= {2013},
  booktitle	= {Proceedings of the 2013 conference of the North American
		  chapter of the association for computational linguistics:
		  human language technologies},
  pages		= {74--84}
}

@InProceedings{	  rigotti2021attention,
  title		= {Attention-based interpretability with concept
		  transformers},
  author	= {Rigotti, Mattia and Miksovic, Christoph and Giurgiu, Ioana
		  and Gschwind, Thomas and Scotton, Paolo},
  year		= {2022},
  booktitle	= {International Conference on Learning Representations}
}

@InProceedings{	  roady2020stream,
  title		= {Stream-51: Streaming classification and novelty detection
		  from videos},
  author	= {Roady, Ryne and Hayes, Tyler L and Vaidya, Hitesh and
		  Kanan, Christopher},
  year		= {2020},
  booktitle	= {Proceedings of the IEEE/CVF Conference on Computer Vision
		  and Pattern Recognition Workshops},
  pages		= {228--229}
}

@InProceedings{	  rocktaschel2016learning,
  title		= {Learning knowledge base inference with neural theorem
		  provers},
  author	= {Rockt{\"a}schel, Tim and Riedel, Sebastian},
  year		= {2016},
  booktitle	= {Proceedings of the 5th workshop on automated knowledge
		  base construction},
  pages		= {45--50}
}

@InProceedings{	  roesener2016scenario,
  title		= {A scenario-based assessment approach for automated driving
		  by using time series classification of human-driving
		  behaviour},
  author	= {Roesener, Christian and Fahrenkrog, Felix and Uhlig, Axel
		  and Eckstein, Lutz},
  year		= {2016},
  booktitle	= {2016 IEEE 19th international conference on intelligent
		  transportation systems (ITSC)},
  pages		= {1360--1365},
  organization	= {IEEE}
}

@Article{	  rogers2020primer,
  title		= {A primer in bertology: What we know about how bert works},
  author	= {Rogers, Anna and Kovaleva, Olga and Rumshisky, Anna},
  year		= {2020},
  journal	= {Transactions of the Association for Computational
		  Linguistics},
  publisher	= {MIT Press},
  volume	= {8},
  pages		= {842--866}
}

@InProceedings{	  roth2013modeling,
  title		= {Modeling and analysis of safety-critical cyber physical
		  systems using state/event fault trees},
  author	= {Roth, Michael and Liggesmeyer, Peter},
  year		= {2013},
  booktitle	= {SAFECOMP 2013-Workshop DECS (ERCIM/EWICS Workshop on
		  Dependable Embedded and Cyber-physical Systems) of the 32nd
		  International Conference on Computer Safety, Reliability
		  and Security},
  pages		= {NA}
}

@InProceedings{	  rozier2007ltl,
  title		= {LTL satisfiability checking},
  author	= {Rozier, Kristin Y and Vardi, Moshe Y},
  year		= {2007},
  booktitle	= {International SPIN Workshop on Model Checking of
		  Software},
  pages		= {149--167},
  organization	= {Springer}
}

@Article{	  rudin2022interpretable,
  title		= {Interpretable machine learning: Fundamental principles and
		  10 grand challenges},
  author	= {Rudin, Cynthia and Chen, Chaofan and Chen, Zhi and Huang,
		  Haiyang and Semenova, Lesia and Zhong, Chudi},
  year		= {2022},
  journal	= {Statistic Surveys},
  publisher	= {The American Statistical Association, the Bernoulli
		  Society, the Institute~…},
  volume	= {16},
  pages		= {1--85}
}

@Article{	  ruijters2015fault,
  title		= {Fault tree analysis: A survey of the state-of-the-art in
		  modeling, analysis and tools},
  author	= {Ruijters, Enno and Stoelinga, Mari{\"e}lle},
  year		= {2015},
  journal	= {Computer science review},
  publisher	= {Elsevier},
  volume	= {15},
  pages		= {29--62}
}

@Article{	  russakovsky2015imagenet,
  title		= {Imagenet large scale visual recognition challenge},
  author	= {Russakovsky, Olga and Deng, Jia and Su, Hao and Krause,
		  Jonathan and Satheesh, Sanjeev and Ma, Sean and Huang,
		  Zhiheng and Karpathy, Andrej and Khosla, Aditya and
		  Bernstein, Michael and others},
  year		= {2015},
  journal	= {International journal of computer vision},
  publisher	= {Springer},
  volume	= {115},
  pages		= {211--252}
}

@InProceedings{	  rymarczyk2021protopshare,
  title		= {Protopshare: Prototypical parts sharing for similarity
		  discovery in interpretable image classification},
  author	= {Rymarczyk, Dawid and Struski, {\L}ukasz and Tabor, Jacek
		  and Zieli{\'n}ski, Bartosz},
  year		= {2021},
  booktitle	= {Proceedings of the 27th ACM SIGKDD Conference on Knowledge
		  Discovery \& Data Mining},
  pages		= {1420--1430}
}

@InProceedings{	  rymarczyk2023icicle,
  title		= {Icicle: Interpretable class incremental continual
		  learning},
  author	= {Rymarczyk, Dawid and van de Weijer, Joost and
		  Zieli{\'n}ski, Bartosz and Twardowski, Bartlomiej},
  year		= {2023},
  booktitle	= {Proceedings of the IEEE/CVF International Conference on
		  Computer Vision},
  pages		= {1887--1898}
}

@Article{	  sabour2017dynamic,
  title		= {Dynamic routing between capsules},
  author	= {Sabour, Sara and Frosst, Nicholas and Hinton, Geoffrey E},
  year		= {2017},
  journal	= {Advances in neural information processing systems},
  volume	= {30}
}

@Article{	  sahni2017learning,
  title		= {Learning to compose skills},
  author	= {Sahni, Himanshu and Kumar, Saurabh and Tejani, Farhan and
		  Isbell, Charles},
  year		= {2017},
  journal	= {arXiv preprint arXiv:1711.11289}
}

@InProceedings{	  salakhutdinov2007learning,
  title		= {Learning a nonlinear embedding by preserving class
		  neighbourhood structure},
  author	= {Salakhutdinov, Ruslan and Hinton, Geoff},
  year		= {2007},
  booktitle	= {Artificial intelligence and statistics},
  pages		= {412--419},
  organization	= {PMLR}
}

@Article{	  santoro2017simple,
  title		= {A simple neural network module for relational reasoning},
  author	= {Santoro, Adam and Raposo, David and Barrett, David G and
		  Malinowski, Mateusz and Pascanu, Razvan and Battaglia,
		  Peter and Lillicrap, Timothy},
  year		= {2017},
  journal	= {Advances in neural information processing systems},
  volume	= {30}
}

@Article{	  santoro2021symbolic,
  title		= {Symbolic behaviour in artificial intelligence},
  author	= {Santoro, Adam and Lampinen, Andrew and Mathewson, Kory and
		  Lillicrap, Timothy and Raposo, David},
  year		= {2021},
  journal	= {arXiv preprint arXiv:2102.03406}
}

@Article{	  sawada2022concept,
  title		= {Concept bottleneck model with additional unsupervised
		  concepts},
  author	= {Sawada, Yoshihide and Nakamura, Keigo},
  year		= {2022},
  journal	= {IEEE Access},
  publisher	= {IEEE},
  volume	= {10},
  pages		= {41758--41765}
}

@InProceedings{	  schoenborn2021explainable,
  title		= {Explainable case-based reasoning: a survey},
  author	= {Schoenborn, Jakob M and Weber, Rosina O and Aha, David W
		  and Cassens, Jorg and Althoff, Klaus-Dieter},
  year		= {2021},
  booktitle	= {AAAI-21 Workshop Proceedings}
}

@Article{	  schrijver2005history,
  title		= {On the history of combinatorial optimization (till 1960)},
  author	= {Schrijver, Alexander},
  year		= {2005},
  journal	= {Handbooks in operations research and management science},
  publisher	= {Elsevier},
  volume	= {12},
  pages		= {1--68}
}

@InProceedings{	  schroff2015facenet,
  title		= {Facenet: A unified embedding for face recognition and
		  clustering},
  author	= {Schroff, Florian and Kalenichenko, Dmitry and Philbin,
		  James},
  year		= {2015},
  booktitle	= {Proceedings of the IEEE conference on computer vision and
		  pattern recognition},
  pages		= {815--823}
}

@Article{	  schwartz2020green,
  title		= {Green ai},
  author	= {Schwartz, Roy and Dodge, Jesse and Smith, Noah A and
		  Etzioni, Oren},
  year		= {2020},
  journal	= {Communications of the ACM},
  publisher	= {ACM New York, NY, USA},
  volume	= {63},
  number	= {12},
  pages		= {54--63}
}

@InProceedings{	  schwarz2018progress,
  title		= {Progress \& compress: A scalable framework for continual
		  learning},
  author	= {Schwarz, Jonathan and Czarnecki, Wojciech and Luketina,
		  Jelena and Grabska-Barwinska, Agnieszka and Teh, Yee Whye
		  and Pascanu, Razvan and Hadsell, Raia},
  year		= {2018},
  booktitle	= {International conference on machine learning},
  pages		= {4528--4537},
  organization	= {PMLR}
}

@InProceedings{	  shahroudnejad2018improved,
  title		= {Improved explainability of capsule networks: Relevance
		  path by agreement},
  author	= {Shahroudnejad, Atefeh and Afshar, Parnian and Plataniotis,
		  Konstantinos N and Mohammadi, Arash},
  year		= {2018},
  booktitle	= {2018 ieee global conference on signal and information
		  processing (globalsip)},
  pages		= {549--553},
  organization	= {IEEE}
}

@Article{	  shindo2023ailp,
  title		= {{\(\alpha\)}ILP: thinking visual scenes as differentiable
		  logic programs},
  author	= {Hikaru Shindo and Viktor Pfanschilling and Devendra Singh
		  Dhami and Kristian Kersting},
  year		= {2023},
  journal	= {Mach. Learn.},
  publisher	= {Springer},
  volume	= {112},
  number	= {5},
  pages		= {1465--1497}
}

@InProceedings{	  sinha2019clutrr,
  title		= {CLUTRR: A Diagnostic Benchmark for Inductive Reasoning
		  from Text},
  author	= {Sinha, Koustuv and Sodhani, Shagun and Dong, Jin and
		  Pineau, Joelle and Hamilton, William L},
  booktitle	= {Proceedings of the 2019 Conference on Empirical Methods in
		  Natural Language Processing and the 9th International Joint
		  Conference on Natural Language Processing (EMNLP-IJCNLP)},
  pages		= {4506--4515},
  year		= {2019}
}

@InProceedings{	  spratley2023unicode,
  title		= {Unicode Analogies: An Anti-Objectivist Visual Reasoning
		  Challenge},
  author	= {Spratley, Steven and Ehinger, Krista A and Miller, Tim},
  year		= {2023},
  booktitle	= {Proceedings of the IEEE/CVF Conference on Computer Vision
		  and Pattern Recognition},
  pages		= {19082--19091}
}

@InProceedings{	  stammer2022interactive,
  title		= {Interactive disentanglement: Learning concepts by
		  interacting with their prototype representations},
  author	= {Stammer, Wolfgang and Memmel, Marius and Schramowski,
		  Patrick and Kersting, Kristian},
  year		= {2022},
  booktitle	= {Proceedings of the IEEE/CVF Conference on Computer Vision
		  and Pattern Recognition},
  pages		= {10317--10328}
}

@Book{		  stolzer2023safety,
  title		= {Safety management systems in aviation},
  author	= {Stolzer, Alan J and Sumwalt, Robert L and Goglia, John J},
  year		= {2023},
  publisher	= {CRC Press}
}

@InProceedings{	  sun2020ernie,
  title		= {Ernie 2.0: A continual pre-training framework for language
		  understanding},
  author	= {Sun, Yu and Wang, Shuohuan and Li, Yukun and Feng, Shikun
		  and Tian, Hao and Wu, Hua and Wang, Haifeng},
  year		= {2020},
  booktitle	= {Proceedings of the AAAI conference on artificial
		  intelligence},
  volume	= {34},
  number	= {05},
  pages		= {8968--8975}
}

@Article{	  sun2021video,
  title		= {Video question answering: a survey of models and
		  datasets},
  author	= {Sun, Guanglu and Liang, Lili and Li, Tianlin and Yu, Bo
		  and Wu, Meng and Zhang, Bolun},
  year		= {2021},
  journal	= {Mobile Networks and Applications},
  publisher	= {Springer},
  pages		= {1--34}
}

@InProceedings{	  szegedy2015going,
  title		= {Going deeper with convolutions},
  author	= {Szegedy, Christian and Liu, Wei and Jia, Yangqing and
		  Sermanet, Pierre and Reed, Scott and Anguelov, Dragomir and
		  Erhan, Dumitru and Vanhoucke, Vincent and Rabinovich,
		  Andrew},
  year		= {2015},
  booktitle	= {Proceedings of the IEEE conference on computer vision and
		  pattern recognition},
  pages		= {1--9}
}

@Article{	  taddeo2005solving,
  title		= {Solving the symbol grounding problem: a critical review of
		  fifteen years of research},
  author	= {Taddeo, Mariarosaria and Floridi, Luciano},
  year		= {2005},
  journal	= {Journal of Experimental \& Theoretical Artificial
		  Intelligence},
  publisher	= {Taylor \& Francis},
  volume	= {17},
  number	= {4},
  pages		= {419--445}
}

@Article{	  tang2024ltlbench,
  title		= {LTLBench: Towards Benchmarks for Evaluating Temporal Logic
		  Reasoning in Large Language Models},
  author	= {Tang, Weizhi and Belle, Vaishak},
  journal	= {CoRR},
  year		= {2024}
}

@InProceedings{	  teney2020v,
  title		= {V-prom: A benchmark for visual reasoning using visual
		  progressive matrices},
  author	= {Teney, Damien and Wang, Peng and Cao, Jiewei and Liu,
		  Lingqiao and Shen, Chunhua and van den Hengel, Anton},
  year		= {2020},
  booktitle	= {Proceedings of the AAAI Conference on Artificial
		  Intelligence},
  volume	= {34},
  number	= {07},
  pages		= {12071--12078}
}

@Article{	  tiezzi2025back,
  title		= {Back to recurrent processing at the crossroad of
		  transformers and state-space models},
  author	= {Tiezzi, Matteo and Casoni, Michele and Betti, Alessandro
		  and Guidi, Tommaso and Gori, Marco and Melacci, Stefano},
  year		= {2025},
  journal	= {Nature Machine Intelligence},
  publisher	= {Nature Publishing Group},
  pages		= {1--11}
}

@InProceedings{	  toro2018teaching,
  title		= {Teaching multiple tasks to an RL agent using LTL},
  author	= {Toro Icarte, Rodrigo and Klassen, Toryn Q and Valenzano,
		  Richard and McIlraith, Sheila A},
  year		= {2018},
  booktitle	= {Proceedings of the 17th International Conference on
		  Autonomous Agents and MultiAgent Systems},
  pages		= {452--461}
}

@Article{	  towell1994knowledge,
  title		= {Knowledge-based artificial neural networks},
  author	= {Towell, Geoffrey G and Shavlik, Jude W},
  year		= {1994},
  journal	= {Artificial intelligence},
  publisher	= {Elsevier},
  volume	= {70},
  number	= {1-2},
  pages		= {119--165}
}

@InProceedings{	  trinh2021interpretable,
  title		= {Interpretable and trustworthy deepfake detection via
		  dynamic prototypes},
  author	= {Trinh, Loc and Tsang, Michael and Rambhatla, Sirisha and
		  Liu, Yan},
  year		= {2021},
  booktitle	= {Proceedings of the IEEE/CVF winter conference on
		  applications of computer vision},
  pages		= {1973--1983}
}

@InProceedings{	  umili2023grounding,
  title		= {Grounding LTLf specifications in image sequences},
  author	= {Umili, Elena and Capobianco, Roberto and De Giacomo,
		  Giuseppe},
  year		= {2023},
  booktitle	= {Proceedings of the International Conference on Principles
		  of Knowledge Representation and Reasoning},
  volume	= {19},
  number	= {1},
  pages		= {668--678}
}

@InCollection{	  umili2024deepdfa,
  title		= {DeepDFA: Automata Learning through Neural Probabilistic
		  Relaxations},
  author	= {Umili, Elena and Capobianco, Roberto},
  year		= {2024},
  booktitle	= {ECAI 2024},
  publisher	= {Ios Press},
  pages		= {1051--1058}
}

@Article{	  umili2024neural,
  title		= {Neural reward machines},
  author	= {Umili, Elena and Argenziano, Francesco and Capobianco,
		  Roberto and others},
  journal	= {FRONTIERS IN ARTIFICIAL INTELLIGENCE AND APPLICATIONS},
  volume	= {392},
  pages		= {3055--3062},
  year		= {2024},
  publisher	= {Ios Press}
}

@InProceedings{	  vaezipoor2021ltl2action,
  title		= {Ltl2action: Generalizing ltl instructions for multi-task
		  rl},
  author	= {Vaezipoor, Pashootan and Li, Andrew C and Icarte, Rodrigo
		  A Toro and Mcilraith, Sheila A},
  year		= {2021},
  booktitle	= {International Conference on Machine Learning},
  pages		= {10497--10508},
  organization	= {PMLR}
}

@Article{	  vakhter2022threat,
  title		= {Threat modeling and risk analysis for miniaturized
		  wireless biomedical devices},
  author	= {Vakhter, Vladimir and Soysal, Betul and Schaumont, Patrick
		  and Guler, Ulkuhan},
  year		= {2022},
  journal	= {IEEE Internet of Things Journal},
  publisher	= {IEEE},
  volume	= {9},
  number	= {15},
  pages		= {13338--13352}
}

@Article{	  van2017neural,
  title		= {Neural discrete representation learning},
  author	= {Van Den Oord, Aaron and Vinyals, Oriol and others},
  year		= {2017},
  journal	= {Advances in neural information processing systems},
  volume	= {30}
}

@Article{	  van2022analyzing,
  title		= {Analyzing differentiable fuzzy logic operators},
  author	= {van Krieken, Emile and Acar, Erman and van Harmelen,
		  Frank},
  year		= {2022},
  journal	= {Artificial Intelligence},
  publisher	= {Elsevier},
  volume	= {302},
  pages		= {103602}
}

@Article{	  van2022three,
  title		= {Three types of incremental learning},
  author	= {van de Ven, Gido M and Tuytelaars, Tinne and Tolias,
		  Andreas S},
  year		= {2022},
  journal	= {Nature Machine Intelligence},
  publisher	= {Nature Publishing Group UK London},
  volume	= {4},
  number	= {12},
  pages		= {1185--1197}
}

@InProceedings{	  van2024independence,
  title		= {On the independence assumption in neurosymbolic learning},
  author	= {Van Krieken, Emile and Minervini, Pasquale and Ponti,
		  Edoardo M and Vergari, Antonio},
  booktitle	= {Proceedings of the 41st International Conference on
		  Machine Learning},
  pages		= {49078--49097},
  year		= {2024}
}

@Article{	  vaswani2017attention,
  title		= {Attention is all you need},
  author	= {Vaswani, Ashish and Shazeer, Noam and Parmar, Niki and
		  Uszkoreit, Jakob and Jones, Llion and Gomez, Aidan N and
		  Kaiser, {\L}ukasz and Polosukhin, Illia},
  year		= {2017},
  journal	= {Advances in neural information processing systems},
  volume	= {30}
}

@InProceedings{	  veanes2010symbolic,
  title		= {Symbolic automata constraint solving},
  author	= {Veanes, Margus and Bj{\o}rner, Nikolaj and De Moura,
		  Leonardo},
  year		= {2010},
  booktitle	= {Logic for Programming, Artificial Intelligence, and
		  Reasoning: 17th International Conference, LPAR-17,
		  Yogyakarta, Indonesia, October 10-15, 2010. Proceedings
		  17},
  pages		= {640--654},
  organization	= {Springer}
}

@InProceedings{	  veanes2013applications,
  title		= {Applications of symbolic finite automata},
  author	= {Veanes, Margus},
  year		= {2013},
  booktitle	= {Implementation and Application of Automata: 18th
		  International Conference, CIAA 2013, Halifax, NS, Canada,
		  July 16-19, 2013. Proceedings 18},
  pages		= {16--23},
  organization	= {Springer}
}

@InProceedings{	  vessels2019cybersecurity,
  title		= {Cybersecurity risk assessment for space systems},
  author	= {Vessels, Ly and Heffner, Kenneth and Johnson, Daniel},
  year		= {2019},
  booktitle	= {2019 IEEE Space Computing Conference (SCC)},
  pages		= {11--19},
  organization	= {IEEE}
}

@Article{	  walke2021learning,
  title		= {Learning finite linear temporal logic specifications with
		  a specialized neural operator},
  author	= {Walke, Homer and Ritter, Daniel and Trimbach, Carl and
		  Littman, Michael},
  year		= {2021},
  journal	= {arXiv preprint arXiv:2111.04147}
}

@InProceedings{	  wang2019satnet,
  title		= {Satnet: Bridging deep learning and logical reasoning using
		  a differentiable satisfiability solver},
  author	= {Wang, Po-Wei and Donti, Priya and Wilder, Bryan and
		  Kolter, Zico},
  year		= {2019},
  booktitle	= {International Conference on Machine Learning},
  pages		= {6545--6554},
  organization	= {PMLR}
}

@Article{	  wang2023comprehensive,
  title		= {A comprehensive survey of continual learning: Theory,
		  method and application},
  author	= {Wang, Liyuan and Zhang, Xingxing and Su, Hang and Zhu,
		  Jun},
  journal	= {IEEE transactions on pattern analysis and machine
		  intelligence},
  volume	= {46},
  number	= {8},
  pages		= {5362--5383},
  year		= {2024},
  publisher	= {IEEE}
}

@Article{	  weinberger2009distance,
  title		= {Distance metric learning for large margin nearest neighbor
		  classification.},
  author	= {Weinberger, Kilian Q and Saul, Lawrence K},
  year		= {2009},
  journal	= {Journal of machine learning research},
  volume	= {10},
  number	= {2}
}

@InProceedings{	  wen2015correct,
  title		= {Correct-by-synthesis reinforcement learning with temporal
		  logic constraints},
  author	= {Wen, Min and Ehlers, R{\"u}diger and Topcu, Ufuk},
  year		= {2015},
  booktitle	= {2015 IEEE/RSJ International Conference on Intelligent
		  Robots and Systems (IROS)},
  pages		= {4983--4990},
  organization	= {IEEE}
}

@inproceedings{wiegreffe2019attention,
	title={Attention is not not Explanation},
	author={Wiegreffe, Sarah and Pinter, Yuval},
	booktitle={Proceedings of the 2019 Conference on Empirical Methods in Natural Language Processing and the 9th International Joint Conference on Natural Language Processing (EMNLP-IJCNLP)},
	pages={11--20},
	year={2019}
}


@Article{	  williams1992simple,
  title		= {Simple statistical gradient-following algorithms for
		  connectionist reinforcement learning},
  author	= {Williams, Ronald J},
  year		= {1992},
  journal	= {Machine learning},
  publisher	= {Springer},
  volume	= {8},
  pages		= {229--256}
}

@InProceedings{	  winters2022deepstochlog,
  title		= {Deepstochlog: Neural stochastic logic programming},
  author	= {Winters, Thomas and Marra, Giuseppe and Manhaeve, Robin
		  and De Raedt, Luc},
  year		= {2022},
  booktitle	= {Proceedings of the AAAI Conference on Artificial
		  Intelligence},
  volume	= {36},
  number	= {9},
  pages		= {10090--10100}
}

@Article{	  wu2017prototypal,
  title		= {Prototypal analysis and prototypal regression},
  author	= {Wu, Chenyue and Tabak, Esteban G},
  year		= {2017},
  journal	= {arXiv preprint arXiv:1701.08916}
}

@InProceedings{	  xie2021embedding,
  title		= {Embedding symbolic temporal knowledge into deep sequential
		  models},
  author	= {Xie, Yaqi and Zhou, Fan and Soh, Harold},
  year		= {2021},
  booktitle	= {2021 IEEE International Conference on Robotics and
		  Automation (ICRA)},
  pages		= {4267--4273},
  organization	= {IEEE}
}

@inproceedings{xiong2024large,
	title={Large Language Models Can Learn Temporal Reasoning},
	author={Xiong, Siheng and Payani, Ali and Kompella, Ramana and Fekri, Faramarz},
	booktitle={Proceedings of the 62nd Annual Meeting of the Association for Computational Linguistics (Volume 1: Long Papers)},
	pages={10452--10470},
	year={2024}
}


@InProceedings{	  xu2018semantic,
  title		= {A semantic loss function for deep learning with symbolic
		  knowledge},
  author	= {Xu, Jingyi and Zhang, Zilu and Friedman, Tal and Liang,
		  Yitao and Broeck, Guy},
  year		= {2018},
  booktitle	= {International conference on machine learning},
  pages		= {5502--5511},
  organization	= {PMLR}
}

@InProceedings{	  yan2022neuro,
  title		= {Neuro-symbolic models for interpretable time series
		  classification using temporal logic description},
  author	= {Yan, Ruixuan and Ma, Tengfei and Fokoue, Achille and
		  Chang, Maria and Julius, Agung},
  year		= {2022},
  booktitle	= {2022 IEEE International Conference on Data Mining (ICDM)},
  pages		= {618--627},
  organization	= {IEEE}
}

@inproceedings{yang2024neuro,
	title={Neuro-Symbolic Temporal Point Processes},
	author={Yang, Yang and Yang, Chao and Li, Boyang and Fu, Yinghao and Li, Shuang},
	booktitle={International Conference on Machine Learning},
	pages={56665--56680},
	year={2024},
	organization={PMLR}
}

@inproceedings{yuksekgonul2022post,
	title={Post-hoc Concept Bottleneck Models},
	author={Yuksekgonul, Mert and Wang, Maggie and Zou, James},
	booktitle={International Conference on Learning Representations},
	year={2023}
}


@InProceedings{	  yun2020deeper,
  title		= {A deeper look at Bongard problems},
  author	= {Yun, Xinyu and Bohn, Tanner and Ling, Charles},
  year		= {2020},
  booktitle	= {Advances in Artificial Intelligence: 33rd Canadian AI
		  2020},
  pages		= {528--539},
  organization	= {Springer}
}

@InProceedings{	  zabounidis2023concept,
  title		= {Concept learning for interpretable multi-agent
		  reinforcement learning},
  author	= {Zabounidis, Renos and Campbell, Joseph and Stepputtis,
		  Simon and Hughes, Dana and Sycara, Katya P},
  year		= {2023},
  booktitle	= {Conference on Robot Learning},
  pages		= {1828--1837},
  organization	= {PMLR}
}



@Article{	  zelikman2022star,
  title		= {Star: Bootstrapping reasoning with reasoning},
  author	= {Zelikman, Eric and Wu, Yuhuai and Mu, Jesse and Goodman,
		  Noah},
  year		= {2022},
  journal	= {Advances in Neural Information Processing Systems},
  volume	= {35},
  pages		= {15476--15488}
}

@InProceedings{	  zenke2017continual,
  title		= {Continual learning through synaptic intelligence},
  author	= {Zenke, Friedemann and Poole, Ben and Ganguli, Surya},
  year		= {2017},
  booktitle	= {International conference on machine learning},
  pages		= {3987--3995},
  organization	= {PMLR}
}

@Article{	  zerroug2022benchmark,
  title		= {A benchmark for compositional visual reasoning},
  author	= {Zerroug, Aimen and Vaishnav, Mohit and Colin, Julien and
		  Musslick, Sebastian and Serre, Thomas},
  year		= {2022},
  journal	= {Advances in Neural Information Processing Systems},
  volume	= {35},
  pages		= {29776--29788}
}

@Article{	  zhang2018visual,
  title		= {Visual interpretability for deep learning: a survey},
  author	= {Zhang, Quan-shi and Zhu, Song-Chun},
  year		= {2018},
  journal	= {Frontiers of Information Technology \& Electronic
		  Engineering},
  publisher	= {Springer},
  volume	= {19},
  number	= {1},
  pages		= {27--39}
}

@InProceedings{	  zhang2019raven,
  title		= {Raven: A dataset for relational and analogical visual
		  reasoning},
  author	= {Zhang, Chi and Gao, Feng and Jia, Baoxiong and Zhu, Yixin
		  and Zhu, Song-Chun},
  year		= {2019},
  booktitle	= {Proceedings of the IEEE/CVF conference on computer vision
		  and pattern recognition},
  pages		= {5317--5327}
}

@Article{	  zhang2023internlm,
  title		= {Internlm-xcomposer: A vision-language large model for
		  advanced text-image comprehension and composition},
  author	= {Zhang, Pan and Dong, Xiaoyi and Wang, Bin and Cao, Yuhang
		  and Xu, Chao and Ouyang, Linke and Zhao, Zhiyuan and Duan,
		  Haodong and Zhang, Songyang and Ding, Shuangrui and
		  others},
  year		= {2023},
  journal	= {arXiv preprint arXiv:2309.15112}
}

@InProceedings{	  zhang2023slca,
  title		= {Slca: Slow learner with classifier alignment for continual
		  learning on a pre-trained model},
  author	= {Zhang, Gengwei and Wang, Liyuan and Kang, Guoliang and
		  Chen, Ling and Wei, Yunchao},
  year		= {2023},
  booktitle	= {Proceedings of the IEEE/CVF International Conference on
		  Computer Vision},
  pages		= {19148--19158}
}

@inproceedings{zhou2024continual,
	title={Continual learning with pre-trained models: a survey},
	author={Zhou, Da-Wei and Sun, Hai-Long and Ning, Jingyi and Ye, Han-Jia and Zhan, De-Chuan},
	booktitle={Proceedings of the Thirty-Third International Joint Conference on Artificial Intelligence},
	pages={8363--8371},
	year={2024}
}

@Article{	  zhu2024continual,
  title		= {Continual learning with unknown task boundary},
  author	= {Zhu, Xiaoxie and Yi, Jinfeng and Zhang, Lijun},
  year		= {2024},
  journal	= {IEEE transactions on neural networks and learning
		  systems},
  publisher	= {IEEE}
}

@Article{	  lorello2025ltlzinc,
  title		= {LTLZinc: a Benchmarking Framework for Continual Learning
		  and Neuro-Symbolic Temporal Reasoning},
  author	= {Lorello, Luca Salvatore and Manginas, Nikolaos and Lippi,
		  Marco and Melacci, Stefano},
  journal	= {arXiv preprint arXiv:2507.17482},
  year		= {2025}
}

@Article{	  de2023differentiable,
  title		= {Differentiable sampling of categorical distributions using
		  the catlog-derivative trick},
  author	= {De Smet, Lennert and Sansone, Emanuele and Zuidberg Dos
		  Martires, Pedro},
  journal	= {Advances in Neural Information Processing Systems},
  volume	= {36},
  pages		= {30416--30428},
  year		= {2023}
}

@InProceedings{	  binninger2024sd,
  title		= {SD-$\pi$XL: Generating Low-Resolution Quantized Imagery
		  via Score Distillation},
  author	= {Binninger, Alexandre and Sorkine-Hornung, Olga},
  booktitle	= {SIGGRAPH Asia 2024 Conference Papers},
  pages		= {1--12},
  year		= {2024}
}

@InProceedings{	  li2023q,
  title		= {Q-diffusion: Quantizing diffusion models},
  author	= {Li, Xiuyu and Liu, Yijiang and Lian, Long and Yang,
		  Huanrui and Dong, Zhen and Kang, Daniel and Zhang,
		  Shanghang and Keutzer, Kurt},
  booktitle	= {Proceedings of the IEEE/CVF International Conference on
		  Computer Vision},
  pages		= {17535--17545},
  year		= {2023}
}

@InProceedings{	  socher2012semantic,
  title		= {Semantic compositionality through recursive matrix-vector
		  spaces},
  author	= {Socher, Richard and Huval, Brody and Manning, Christopher
		  D and Ng, Andrew Y},
  booktitle	= {Proceedings of the 2012 joint conference on empirical
		  methods in natural language processing and computational
		  natural language learning},
  pages		= {1201--1211},
  year		= {2012}
}

@InProceedings{	  bengio2009curriculum,
  title		= {Curriculum learning},
  author	= {Bengio, Yoshua and Louradour, J{\'e}r{\^o}me and
		  Collobert, Ronan and Weston, Jason},
  booktitle	= {Proceedings of the 26th annual international conference on
		  machine learning},
  pages		= {41--48},
  year		= {2009}
}

@Article{	  lorello2025ansya,
  title		= {Neuro-Symbolic Learning from Temporal Sequences in
		  Safety-Critical Systems},
  author	= {Lorello, Luca Salvatore and Carnevali, Laura and Lippi,
		  Marco and Melacci, Stefano},
  year		= {2025},
  journal	= {To appear in the Proceedings of the 1st International
		  Workshop on Advanced Neuro-Symbolic Applications}
}

@online{xiao2017fmnist,
	title        = {Fashion-MNIST: a Novel Image Dataset for Benchmarking Machine Learning Algorithms},
	author       = {Han Xiao and Kashif Rasul and Roland Vollgraf},
	year         = {2017},
	date         = {2017-08-28},
	eprintclass  = {cs.LG},
	eprinttype   = {arXiv},
	eprint       = {cs.LG/1708.07747}
}

@article{toborek2025beyond,
	title={Beyond Shallow Heuristics: Leveraging Human Intuition for Curriculum Learning},
	author={Toborek, Vanessa and M{\"u}ller, Sebastian and Selbach, Tim and Horv{\'a}th, Tam{\'a}s and Bauckhage, Christian},
	journal={To appear in the Proceedings of the International Conference on Natural Language and Speech Processing},
	year={2025}
}
